3440 5114
2754 307 2905 369 ,163

285 425 408 492 Nec
453 422 640 493 ‘aliter
698 428 881 493 Marsi
941 429 1155 495 fecisse
1216 430 1532 504 videntur,
1587 432 1688 515 qui
1739 451 1846 516 pro
1894 429 2267 509 Quaestores
2314 432 2371 496 in
2421 431 2593 497 titulo
2638 430 2929 516 Supinate

286 528 558 595 scribunt
589 530 966 611 Queislores.
1009 532 1073 595 ln
1105 531 1273 596 Latio
1307 532 1611 613 gentilicia
1644 533 1942 617 quaedam
1979 534 2223 598 nomina
2252 536 2430 599 etiam
2465 536 2927 618 praenominum

286 632 419 697 loco
466 633 647 698 fuisse
693 634 838 699 alibi
884 636 1111 700 dudum
1159 636 1380 710 docui,
1431 638 1607 701 cuius
1655 638 1834 702 moris
1883 636 2159 721 exempla
2205 637 2328 701 alia
2373 638 2589 702 deinde
2651 657 2933 703 accesse-

285 742 443 800 runt.
489 736 575 800 Ex
621 736 714 801 his
760 738 1055 822 quaedam
1103 739 1186 801 ita
1233 735 1603 823 frequentari
1654 746 1866 820 coepta
1912 747 2051 802 sunt
2096 750 2159 801 ut
2207 741 2263 802 in
2314 760 2627 805 numerum
2674 762 2930 826 praeno-

285 840 507 902 minum
565 839 922 903 habeantur.
993 839 1190 905 Ceisia
1248 848 1445 905 lamen
1506 842 1693 905 forma
1740 840 2050 923 gentilicia
2098 842 2332 907 videtur
2376 863 2509 907 esse
2558 845 2929 927 pronominis

286 941 417 1007 loco
462 942 636 1027 quasi
683 943 958 1007 Caesula.
1007 942 1163 1008 Huic
1199 941 1454 1009 feminac
1488 944 1921 1028 appellativum
1960 945 2143 1007 Fatae
2178 945 2357 1008 datur
2386 945 2655 1031 itemque
2689 947 2924 1020 marito,

287 1046 388 1129 qui
439 1046 579 1109 Atos
625 1047 827 1124 audit;
874 1046 1167 1111 ambobus
1220 1059 1354 1110 vcro
1403 1067 1515 1109 vox
1556 1047 1869 1110 imminuta
1907 1047 2020 1111 Ret
2056 1046 2262 1110 addita
2300 1056 2425 1120 est,
2476 1066 2597 1131 qua
2634 1049 2819 1112 Retos
2857 1069 2925 1112 se

281 1146 603 1223 esse‚,hoc
647 1156 737 1211 cst
785 1147 994 1213 Rhetia
1039 1149 1331 1213 oriundos
1376 1148 1684 1213 affirmant.
1738 1149 2014 1227 Quaeres
2046 1150 2106 1214 in
2140 1150 2308 1224 Fata,
2354 1156 2491 1213 Alos
2534 1150 2693 1235 q'uae
2739 1151 2927 1215 lateat

285 1250 691 1333 significatio?
760 1251 831 1314 Et
887 1253 1143 1315 fortasse
1198 1254 1312 1315 erit
1357 1252 1570 1334 aliquis
1619 1253 1720 1335 qui
1771 1252 1846 1314 ob
1895 1251 2343 1315 similitudinem
2394 1252 2561 1316 vocis
2610 1273 2713 1316 eos
2761 1261 2930 1339 putet

283 1352 369 1417 ita
413 1354 705 1440 appellari
722 1407 733 1427 ,
782 1356 941 1440 quod
991 1355 1210 1419 fatidici
1252 1362 1482 1428 essent,
1525 1353 2011 1420 vaticinationem
2053 1354 2335 1419 facerent.
2385 1354 2521 1418 Veri
2561 1356 2742 1419 etiam
2783 1376 2927 1443 spe-

283 1457 434 1521 ciem
478 1458 617 1522 facit
661 1456 722 1521 in
771 1457 939 1521 Latio
985 1478 1099 1523 vox
1146 1458 1380 1536 fatuus,
1429 1459 1623 1532 fatua,
1669 1479 1789 1542 quo
1838 1456 2081 1523 nomine
2119 1456 2345 1522 fatidici
2383 1459 2782 1533 vocabantur,
2818 1456 2921 1543 qui

285 1566 346 1623 et
389 1568 557 1625 vates
603 1561 744 1626 dicti
794 1570 961 1626 sunt:
1007 1563 1178 1626 cuius
1208 1561 1373 1626 vocis
1409 1561 1671 1625 radicem
1706 1563 1766 1623 in
1804 1560 1984 1625 fando
2017 1561 2425 1644 quaerendam
2459 1560 2687 1625 indicat
2718 1556 2919 1627 Varro.

285 1663 405 1727 Sed
452 1663 592 1729 huic
638 1663 906 1750 opinioni
952 1665 1316 1729 asserendae
1365 1664 1422 1727 id
1471 1664 1672 1729 obstat
1717 1664 1878 1747 quod
1928 1665 1984 1726 in
2034 1682 2180 1728 voce
2228 1663 2445 1739 fatum,
2499 1662 2654 1737 sata,
2701 1663 2924 1736 fatuus,

286 1774 349 1831 ut
397 1768 451 1830 in
498 1768 647 1843 fari,
693 1770 891 1833 littera
943 1775 982 1840 Ρ
1026 1769 1103 1832 sit
1159 1767 1482 1842 radicalis,
1546 1786 1727 1851 quam
1785 1768 1962 1832 buius
2022 1774 2272 1832 naturae
2321 1786 2436 1831 non
2486 1787 2623 1831 esse
2670 1769 2731 1831 in
2778 1787 2925 1832 voce

286 1870 435 1935 Fata
478 1870 779 1936 luculente
825 1873 1196 1936 demonstrat
1242 1873 1422 1935 motio
1470 1871 1801 1936 masculina
1848 1872 2037 1944 Atos,
2085 1889 2255 1955 quae*
2292 1889 2402 1944 ea,
2453 1875 2661 1953 utpote
2706 1869 2929 1934 adven-

284 1972 448 2052 titia,
494 1981 677 2039 caret.
723 1975 834 2038 Illa
880 1973 1063 2058 igitur
1107 1974 1392 2058 opinione
1441 1975 1665 2038 reiecta
1711 1974 2072 2056 relinquitur
2117 1973 2493 2059 comparatio
2540 1972 2722 2038 buius
2762 1973 2929 2037 vocis

282 2096 415 2141 cum
463 2076 828 2142 Graecorum
876 2076 1276 2142 thessalorum
1321 2078 1501 2147 ἄττα,
1548 2096 1620 2140 ea
1665 2078 2048 2140 reverentiae
2094 2074 2558 2157 significatione,
2597 2072 2717 2158 qu'a
2748 2078 2925 2139 etiam

286 2181 344 2244 in
403 2178 573 2244 Latio
617 2178 776 2243 etin
824 2180 1068 2244 Sabinis
1125 2186 1474 2265 usurpatam
1537 2179 1678 2241 olim
1728 2176 2060 2263 ‘novimum
2131 2178 2191 2239 τὸ
2249 2180 2398 2241 ἄττα
2454 2176 2728 2260 γλώττης
2785 2177 2925 2261 φάσι

285 2284 595 2344 Θετταλῶν
629 2284 675 2343 οἱ
710 2280 943 2345 παλαιοὶ
976 2283 1372 2369 προσφώνημα
1409 2281 1464 2344 δν
1501 2285 1566 2342 ἔκ
1602 2304 1743 2351 τινος
1780 2280 2043 2363 νεωτέρου
2080 2283 2162 2353 ὡς
2196 2282 2329 2362 πρὸς
2363 2276 2574 2365 τροφέα
2614 2280 2921 2362 (Ευὲῑῆῑὴ.

283 2385 360 2449 ad
405 2383 574 2449 iliad.
621 2386 681 2459 l,
729 2388 921 2469 603);
970 2405 1005 2448 a
1051 2384 1388 2450 iunioribus
1437 2404 1650 2469 nempe
1698 2385 1775 2449 ad
1824 2404 2002 2448 senes
2050 2382 2437 2450 honorandos
2484 2381 2922 2449 adhibebatur.

281 2486 455 2573 quasi
521 2496 724 2573 patres
781 2496 840 2553 et
898 2509 1040 2553 avos
1099 2488 1597 2575 compellantibus
1660 2486 1926 2571 (Fest.).
1997 2486 2221 2551 Eadem
2282 2488 2515 2551 ratione
2574 2485 2924 2551 sacerdotes

280 2589 642 2675 πρεσβύτεροι
700 2593 837 2658 olim
896 2592 1179 2678 appellati
1225 2599 1383 2657 sunt.
1431 2591 1645 2675 ltaque
1690 2590 1953 2654 arbitror
1997 2590 2110 2655 boc
2156 2590 2400 2655 nomine
2446 2587 2776 2670 significari
2825 2609 2924 2654 sa-

277 2694 585 2760 cerdotem
631 2717 855 2761 marem
902 2703 961 2761 et
1004 2694 1321 2771 feminam,
1365 2714 1584 2778 genere
1620 2713 1729 2778 per
1758 2692 2176 2779 paronymiam
2209 2700 2388 2757 moto,
2437 2693 2697 2757 Conlero
2726 2694 2927 2755 aralius

281 2797 713 2882 appellativum
763 2818 976 2863 nomen
1024 2799 1181 2884 apud
1233 2798 1477 2863 Volscos
1524 2797 1638 2860 boc
1684 2802 1852 2860 certe
1888 2814 2070 2861 sensu
2110 2801 2492 2880 usurpatum:
2531 2796 2734 2877 agitur
2768 2795 2924 2858 enim

283 2898 343 2964 in
389 2920 464 2965 ea
508 2900 731 2965 lamina
774 2902 850 2966 de
898 2902 1212 2968 sacrificiis
1262 2899 1672 2985 (esuristrom).
1732 2899 2015 2963 Nascitur
2059 2906 2259 2964 autem
2309 2917 2525 2962 nomen
2573 2897 2924 2961 femininum

279 3024 398 3068 non
431 3023 468 3067 a
499 3002 857 3080 masculino,
891 3024 1097 3091 verum
1130 3023 1166 3068 a
1193 3025 1280 3079 se,
1313 3004 1526 3068 eodem
1565 3009 1744 3086 pacto
1779 3021 1848 3067 ac
1879 3003 2162 3067 sacerdos
2201 3020 2317 3064 non
2356 2998 2556 3083 gignit
2592 2999 2952 3064 sacer-dam.-

283 3182 427 3242 540.
477 3212 556 3224 -—-
603 3177 932 3242 Praeneste
978 3184 1300 3261 repertum.

1830 3309 1934 3372 Vir
1958 3308 2188 3373 thasius
2213 3307 2415 3391 gladio
2445 3317 2653 3373 exerto
2680 3309 2924 3376 irruens

1744 3415 1801 3476 in
1857 3412 2242 3498 Lycurgum,
2303 3411 2407 3495 qui
2453 3409 2729 3477 crinibus
2774 3410 2922 3477 bor-

1742 3535 1879 3581 rens
1925 3515 2000 3579 ad
2047 3534 2214 3579 aram
2261 3514 2622 3596 confugiens
2668 3519 2735 3578 ut
2772 3515 2912 3579 tha-

1740 3621 1893 3683 sium
1940 3621 2245 3683 deterreat
2290 3615 2478 3679 filium
2525 3618 2659 3682 eius
2704 3615 2913 3681 Philo-

1742 3721 1942 3784 nicum
2005 3739 2180 3805 opem
2244 3716 2433 3802 patris
2496 3716 2919 3803 implorantem

1741 3824 2003 3886 minatur
2046 3842 2110 3886 se
2156 3821 2593 3886 confecturum.

1823 3924 2005 3990 Dedit
2050 3923 2410 4011 Ephemeris
2450 3923 2645 3989 lnstit.
2685 3924 2922 3990 boruss.

1749 4033 1935 4105 1866,
1984 4051 2042 4114 p.
2092 4033 2209 4099 tt,
2276 4027 2416 4091 inde
2461 4025 2677 4092 Annal.
2724 4028 2919 4093 eiusd.

1748 4134 1926 4208 1869,
1957 4138 2073 4194 tav.
2097 4129 2232 4206 Vll,
2256 4134 2314 4206 2,
2339 4150 2398 4213 p.
2430 4133 2567 4194 ⁴97.
2602 4128 2729 4212 Ego
2762 4129 2917 4194 deli-

1250 4265 1332 4299 σοι
1741 4241 1983 4316 neatum
2021 4233 2203 4298 habui
2242 4251 2277 4296 a
2308 4251 2688 4318 possessore.
2727 4233 2914 4297 Enar·

1741 4344 1906 4402 rator
1938 4336 2186 4420 Ephem.
2217 4334 2406 4420 epigr.
2432 4335 2624 4401 berol.
2649 4341 2758 4420 p..l
2777 4341 2812 4399 5
2850 4355 2923 4401 eo

278 4457 482 4504 errore
508 4487 522 4511 ,
569 4458 746 4521 quem
791 4458 978 4524 supra
1025 4441 1265 4517 notavi,
1311 4446 1532 4524 putans
1565 4460 1596 4500 ο
1641 4438 1871 4503 minimi
1905 4438 2128 4503 moduli
2163 4460 2299 4503 esse
2334 4445 2655 4524 punctum,
2689 4438 2919 4505 circelli

278 4542 501 4618 torma,
544 4541 692 4622 legit
736 4540 1038 4607 Piionicos
1084 4542 1264 4607 Tasci
1295 4595 1304 4606 .
1335 4539 1512 4606 filios,
1557 4541 1680 4605 Sed
1711 4541 2036 4624 legendum
2073 4541 2373 4608 Pilonicos
2407 4542 2702 4627 Taseio(s)
2739 4541 2916 4621 filios,

185 4637 218 4672 ⁸
276 4663 496 4729 graece
542 4644 797 4716 Θασὴῒος
843 4646 969 4716 υἱός.
1038 4643 1276 4711 Thasus
1318 4644 1518 4709 insula
1563 4653 1654 4708 est
1698 4647 1839 4709 vino
1887 4643 2109 4710 nobilis
2153 4644 2379 4710 thracio
2425 4645 2604 4710 littori
2650 4644 2917 4723 obiecta,

500 3403 822 3472 TASEOS
919 3405 1353 3475 Wrxottcos

1430 3855 1495 4246 ²¹³⁰tilsv1.
1430 3349 1500 3803 50>lsv04ld
