3440 5114
507 288 578 347 ⁷6

563 412 903 495 Singularis
934 421 1028 476 est
1059 414 1248 476 forma
1282 421 1340 476 et
1373 412 1540 476 varia
1574 411 1808 475 litterae
1847 418 1910 484 Θ
1954 418 2010 482 Θ
2056 418 2118 482 Θ
2158 431 2312 495 quae
2347 411 2601 475 habetur
2633 432 2665 474 a
2703 412 2893 474 doctis
2929 429 3035 495 pro
3068 411 3126 471 tle

563 536 633 579 ex
681 514 1053 579 Graecorum
1101 514 1457 599 alphabeto:
1508 522 1567 580 at
1611 516 1957 578 litteratura·
2002 535 2117 578 non
2166 522 2258 577 est
2304 515 2435 577 eius
2482 516 2694 577 aetatis
2729 534 2848 598 qua
2879 532 3132 596 usurpa-

565 617 743 682 batur
787 637 820 679 a
867 616 1105 696 graecis
1152 626 1170 677 ι
1218 617 1554 680 decussatis
1603 618 1780 681 lineis
1832 620 2123 679 introrsus
2186 621 2516 687 instructa.
2566 638 2697 679 cum
2746 616 2923 700 plene
2971 619 3137 678 esset

547 718 816 804 scripta,
867 739 976 785 nee
1019 720 1292 804 reliquae
1338 720 1572 784 litterae
1619 741 1756 785 cum
1805 720 2017 783 litteris
2067 721 2332 803 graeciS‚
2384 739 2587 783 verum
2634 740 2769 784 cum
2809 717 2884 782 iis
2915 737 3133 781 conve·

564 824 736 887 niunt
781 822 1005 907 quibus
1052 823 1362 887 Larinates
1395 830 1665 887 utuntur.
1713 822 1918 900 Quare
1951 826 2094 907 p'uto
2127 824 2215 887 sic
2246 823 2322 886 ab
2358 822 2686 908 Hyriatinis
2716 824 2881 907 pingi
2914 827 3134 905 coepta

564 932 628 997 Ο
660 932 725 989 ιιι
755 925 831 988 ab
868 925 1197 1010 Hyriatiuis
1229 926 1541 1008 campanis
1575 925 1772 989 littera
1805 932 1852 995 Υ
1886 927 1982 990 cui
2017 925 2242 989 lineam
2276 926 2510 990 addunt
2540 924 2601 988 in
2636 925 2839 988 media
2868 926 3039 988 furca
3072 929 3131 994 Ὗ

562 1048 671 1115 pro
717 1035 972 1114 punem,
1020 1047 1140 1113 quo
1186 1030 1364 1092 etiam
1412 1030 1722 1092 instruunt
1781 1034 1865 1099 Ῡε
1913 1026 2195 1092 nimirum
2242 1048 2389 1094 casu
2436 1027 2501 1091 fit
2536 1034 2600 1091 ut
2637 1036 2699 1099 Ο
2740 1027 2988 1091 formam
3028 1046 3132 1090 ac-

564 1130 751 1216 cipiat
794 1136 857 1202 Θ
907 1151 1029 1216 qua
1075 1131 1293 1195 Graeci
1342 1130 1744 1215 antiquissimi
1794 1138 2040 1195 utuntur
2085 1151 2191 1215 pro
2239 1134 2336 1205 th,
2386 1140 2445 1195 et
2491 1139 2538 1202 Υ
2584 1133 2670 1195 sic
2715 1130 2996 1213 pingatur
3041 1135 3130 1201 Ὗ,

563 1252 687 1318 qua
729 1234 924 1315 figura
970 1234 1185 1297 Graeci
1234 1234 1464 1297 achaici
1506 1254 1573 1315 ps
1618 1232 1835 1318 reliqui
1882 1233 2006 1296 fere
2052 1236 2119 1294 cle
2164 1234 2361 1298 solent
2406 1235 2690 1299 scribere.
2762 1234 2891 1297 Erit
2949 1234 3134 1313 igitur

564 1336 884 1419 legendum
938 1337 1117 1413 11·ηοὶ,
1163 1337 1377 1409 Irnoii,
1423 1338 1616 1399 Irnod.
1664 1335 1927 1401 Omnino
1974 1337 2321 1401 conferendi
2363 1344 2504 1402 sunt
2536 1340 2760 1401 nummi
2793 1334 3130 1401 Obulconis

565 1442 748 1504 latine
807 1438 1080 1523 inscripti
1139 1439 1237 1503 ubi
1298 1440 1384 1502 sic
1445 1440 1715 1524 pingitur
1772 1446 2120 1511 &BVLCQ
2182 1448 2245 1504 ut
2301 1448 2363 1511 Ο
2424 1460 2706 1523 graecum
2755 1445 2819 1512 Θ
2864 1438 3130 1503 imitetur

568 1542 850 1631 (Lorich,
881 1542 1263 1606 Recherches
1297 1563 1461 1606 num.
1496 1550 1868 1606 concernant
1896 1543 1984 1607 les
2019 1543 2331 1607 medailles
2364 1543 2870 1617 CeltiberienneS‚
2907 1545 3007 1618 57,
3039 1542 3130 1623 4).

563 1645 768 1727 Ipsum
828 1644 1112 1729 oppidum
1173 1646 1371 1706 Irumn
1430 1645 1541 1708 hac
1602 1644 1867 1710 dialecto
1931 1645 2231 1709 Frentana
2284 1645 2618 1709 invenimus
2675 1646 2940 1718 dictum,
2989 1654 3049 1710 at
3094 1664 3130 1707 a

569 1747 821 1811 Graecis
867 1754 1160 1823 ΥΡΙΟΝ,
1209 1754 1362 1811 teste
1410 1745 1731 1811 Strabone.

1656 1984 1826 2057 CAP.
1885 1982 1967 2054 X.

1367 2178 1577 2225 Nummi
1615 2178 1672 2224 iu
1708 2180 1899 2232 apun-
1935 2179 2080 2230 flati.
2116 2178 2253 2225 euni.

491 2365 589 2425 74.
636 2362 908 2445 (2-505.)
954 2362 1022 2443 a)
1072 2334 1367 2467 ΤΙΑΙΤΙ,
1420 2368 1469 2432 Α
1523 2363 1578 2423 in
1628 2361 1895 2447 postica,
1944 2363 2036 2425 vel
2077 2368 2298 2433 ΤΙΑΤΙ
2336 2363 2391 2426 in
2425 2364 2691 2447 postica,
2726 2368 2775 2432 Α
2812 2363 2869 2424 in
2904 2363 3121 2425 antica.

822 2462 1018 2549 Caput
1063 2464 1353 2529 muliebre
1399 2463 1826 2528 diadematum.

821 2569 1065 2633 luvenis
1111 2570 1305 2633 nudus
1351 2568 1731 2633 diadematus
1778 2589 1934 2653 equo
1981 2568 2288 2647 insidens,
2337 2577 2397 2634 et
2441 2590 2727 2635 coronam
2777 2573 3125 2654 imponens:

907 2670 1066 2735 infra
1109 2670 1375 2755 delphin.

739 2773 976 2840 Nummi
1022 2774 1141 2839 duo
1188 2775 1458 2856 argentei
1507 2776 1661 2839 alter
1703 2776 1780 2839 ab
1828 2775 2126 2840 Avellinio
2172 2777 2369 2841 editus
2419 2777 2682 2863 (Opusc.
2733 2776 2831 2852 ll,
2883 2780 2959 2851 4,
3005 2778 3131 2860 2),

570 2879 721 2943 alter
763 2896 801 2942 a
843 2877 1198 2942 Minervinio
1247 2877 1431 2961 (Bull.
1472 2898 1609 2964 nap.
1649 2877 1749 2955 1V‚
1794 2885 1847 2956 ⁴,
1888 2881 1978 2963 6).
2025 2879 2293 2946 Tertium
2342 2881 2464 2944 vidi
2511 2882 2569 2943 in
2618 2901 2828 2944 museo
2873 2879 3132 2943 Santan-

570 2981 806 3063 geliano
852 2981 908 3045 in
955 3000 1074 3067 quo
1119 2979 1354 3062 integra
1396 2980 1726 3065 epigraphe
1773 2988 1992 3054 ΤΙΑΤΙ
2041 3003 2077 3048 a
2121 2991 2292 3069 tergo
2339 2984 2578 3067 equitis.

659 3085 723 3166 b)
773 3084 1040 3168 (ΤΙ)ΑΤΙ
1091 3085 1151 3147 in
1196 3082 1448 3168 postica.

823 3187 1019 3273 Caput
1062 3188 1216 3251 deae
1263 3187 1582 3268 galeatum.

823 3288 1116 3353 Hercules
1162 3297 1328 3353 stans
1377 3290 1604 3354 leonem
1651 3291 1931 3366 suffocat,
1981 3311 2138 3374 pone
2185 3273 2374 3356 clava.

735 3391 799 3455 ln
848 3411 1058 3458 museo
1107 3393 1570 3474 Santangeliano
1617 3413 1688 3456 ex
1739 3401 2023 3475 argento,
2072 3394 2299 3457 libella.

655 3498 718 3578 c)
768 3501 982 3567 ΤΙΑΤΙ
1034 3495 1092 3558 in
1141 3495 1390 3581 postica:

822 3596 1020 3684 Caput
1064 3599 1356 3664 muliebre
1404 3598 1684 3684 velatum.

818 3700 1041 3786 Aquila
1085 3701 1296 3767 volans
1342 3703 1417 3765 ad
1465 3703 1787 3767 dexteram.

737 3804 804 3868 ln
852 3823 1060 3868 museo
1108 3805 1409 3869 Parmensi
1456 3823 1731 3868 nummus
1780 3823 2016 3870 aereus,

649 3909 716 3990 d)
763 3913 982 3978 ΤΙΑΤΙ
1033 3907 1091 3970 in
1141 3908 1394 3992 postica.

819 4009 1015 4096 Caput
1058 4011 1208 4075 deae
1255 4011 1430 4095 galea
1475 4009 1660 4075 attica
1704 4018 1949 4075 tectum.

823 4113 1057 4178 Noctua
1103 4132 1256 4199 pene
1303 4114 1562 4178 adversa
1605 4121 1789 4178 stans.

734 4212 864 4279 Vidi
913 4216 969 4278 in
1017 4236 1226 4281 museo
1272 4215 1652 4291 Monacensi,
1700 4223 1912 4300 estque
1960 4219 2019 4280 in
2068 4215 2571 4296 Santangeliano,
2613 4224 2675 4280 et
2711 4235 2877 4280 meo:
2916 4218 2973 4281 in
3016 4216 3135 4280 Pa-

571 4318 756 4385 risino
803 4324 939 4389 ΤΙΑ
992 4325 1219 4383 tantum
1265 4318 1427 4383 clare
1476 4320 1707 4400 legitur.
1754 4318 2261 4383 Friedlaenderus
2298 4320 2466 4384 dedit
2509 4326 2736 4391 ΤΙΑΤ,
2786 4318 3134 4384 confirmat-

565 4442 687 4507 que
732 4422 988 4485 alterum
1037 4421 1381 4506 exemplum
1427 4423 1590 4506 quod
1638 4429 1733 4486 est
1778 4423 1938 4506 apud
1985 4442 2098 4486 me.

653 4527 715 4606 e)
765 4531 988 4596 ΙΤΑΠ
1034 4526 1093 4588 in
1141 4524 1405 4610 postica,
1455 4532 1706 4602 1ΑΙ>1Α-Ι
1761 4533 1968 4607 moin
2024 4528 2079 4589 in
2128 4525 2350 4593 antica,

823 4628 1100 4695 Protome
1147 4630 1290 4713 equi
1339 4630 1611 4694 fraenati.
