3440 5114
2794 300 2850 358 71

411 421 474 503 b)
531 427 649 493 f-'lR
698 423 757 483 ln
807 422 1058 504 postica.

576 522 770 607 Caput
817 524 1106 587 muliebre
1154 541 1327 586 coma
1373 522 1447 585 ad
1495 521 1796 588 cervicem
1846 521 2106 587 collecta
2151 530 2211 587 et
2257 529 2398 587 nota
2441 522 2808 607 quadrantis.

580 626 777 710 Caput
822 626 992 691 bovis
1038 626 1380 690 obversum.

500 728 682 792 Firmi
718 730 882 813 apud
926 729 1264 794 Moronium
1306 729 1532 813 pendet
1569 731 1785 793 uncias
1825 737 1947 794 tres
1986 737 2046 793 et
2081 736 2326 795 octavas
2366 734 2402 792 5
2439 730 2653 807 semis,
2694 729 2888 794 librae

333 832 653 907 firmanae,
700 852 858 918 quae
906 834 1215 918 antiquam
1253 851 1559 897 romanam
1599 832 1727 896 sere
1765 840 2017 918 aequat:
2066 833 2423 898 referendus
2462 839 2557 896 est
2594 833 2781 916 igitur
2815 833 2893 898 ad

331 955 529 1000 assem
576 957 714 1002 unc.
764 941 858 1000 ⁴2.
1498 962 1501 964 ·

416 1040 477 1121 c)
529 1046 646 1112 511²!
698 1040 756 1104 in
804 1039 1058 1125 postica.

590 1141 881 1227 Bipennis
928 1163 1065 1207 cum
1113 1143 1427 1207 manubrio
1475 1150 1535 1206 et
1580 1150 1724 1208 nota
1767 1142 2083 1208 sextantis,

588 1246 837 1310 Ferrum
884 1247 1148 1311 lanceae.

501 1347 684 1412 Firmi
731 1348 892 1433 apud
939 1349 1027 1411 De
1056 1348 1295 1413 Minicis
1343 1347 1569 1433 pendet
1604 1369 1745 1414 unc.
1785 1354 1807 1413 4
1851 1357 1965 1415 oct.
2002 1355 2038 1413 6
2078 1350 2295 1426 semiS,
2326 1348 2550 1414 librae:
2591 1355 2682 1413 est
2717 1346 2899 1432 igitur

338 1451 692 1517 referendus
738 1451 813 1517 ad
860 1471 1057 1517 assem
1107 1454 1419 1518 unciarum
1472 1457 1569 1515 12.

504 1555 615 1619 His
676 1556 833 1640 typis
892 1555 1060 1619 fusus
1104 1562 1197 1619 est
1242 1557 1419 1619 etiam
1469 1557 1819 1641 quadram,
1869 1554 2063 1621 tribus
2108 1553 2342 1622 scilicet
2385 1554 2715 1622 instructus
2758 1557 2896 1640 glo-

336 1658 495 1723 bulis
646 1711 661 1735 ,
703 1658 801 1743 qui
844 1666 937 1727 est
976 1659 1032 1723 in
1071 1658 1468 1722 Kircheriano
1510 1660 1856 1744 pendetque
1895 1680 1982 1742 gr.
2027 1664 2122 1724 49.
2171 1661 2305 1724 Dixi
2346 1681 2534 1746 supra
2568 1668 2902 1727 sextantem

334 1754 644 1828 romdtum
685 1782 820 1826 curn
861 1764 1057 1847 capite
1096 1763 1384 1827 Mercurii
1425 1769 1483 1825 et
1521 1782 1702 1846 prora
1739 1763 1908 1828 navis
1946 1762 2135 1829 fuisse
2175 1784 2386 1830 cusum
2423 1767 2483 1828 in
2517 1764 2738 1849 Apulia
2767 1785 2900 1829 cum

335 1872 477 1930 nota
513 1865 885 1948 quadrantis,
924 1866 991 1928 ln
1028 1866 1187 1929 serie
1227 1866 1361 1930 susa
1396 1886 1801 1944 nummorum,
1841 1887 2095 1951 quorum
2132 1868 2192 1930 in
2231 1887 2364 1933 asse
2397 1869 2563 1952 picta
2594 1876 2687 1934 est
2715 1867 2902 1933 semel

332 1969 533 2032 littera
571 1974 635 2044 S,
677 1975 925 2033 sextans
962 1970 1244 2053 utrinque
1282 1968 1468 2032 habet
1504 1977 1690 2054 caput
1729 1970 2039 2034 Dioscuri:
2079 1969 2237 2034 idem
2277 1991 2554 2036 nummus
2587 1990 2694 2057 pro
2726 1972 2904 2036 uncia

333 2072 508 2135 fusus
566 2079 698 2149 est,
764 2092 882 2136 uno
929 2071 1179 2155 globulo
1228 2072 1454 2135 addito.
1504 2073 1568 2135 ln
1615 2072 1808 2137 altera
1854 2074 2011 2137 serie
2059 2074 2233 2138 cuius
2282 2095 2348 2139 as
2395 2074 2579 2139 babet
2624 2075 2905 2159 utrinque

335 2181 521 2259 caput
579 2175 754 2256 galea
808 2174 1068 2259 phrygia
1116 2182 1371 2247 tectum,
1423 2182 1481 2238 et
1526 2194 1684 2260 pone
1730 2177 1994 2254 clavam,
2041 2176 2347 2261 quadrans
2394 2196 2646 2241 manum
2684 2176 2903 2242 elatam

333 2284 780 2361 repraesentat:
829 2276 971 2341 item
1018 2278 1318 2362 reperitur
1365 2277 1456 2351 bis
1507 2280 1664 2362 typis
1704 2287 1967 2343 sextans.
2014 2279 2139 2343 Nec
2176 2287 2377 2344 tamen
2418 2287 2674 2365 utraque
2711 2280 2900 2344 series

339 2401 455 2445 sua
502 2387 664 2445 caret
710 2382 892 2445 uncia
929 2380 1022 2446 vel
1061 2388 1355 2446 sextante.
1406 2380 1570 2445 Haec
1610 2383 1814 2447 monui
1852 2403 1926 2446 ne
1961 2402 2055 2446 res
2090 2391 2155 2448 ut
2183 2381 2510 2465 singularis
2542 2402 2907 2468 quemquam

340 2491 602 2548 moveat.
650 2482 991 2548 Notandum
1038 2460 1286 2570 insuper
1331 2493 1420 2547 est
1469 2492 1765 2549 monetam
1812 2484 2120 2550 firmanam
2154 2486 2229 2549 ab
2262 2505 2397 2551 asse
2430 2488 2565 2551 unc.
2605 2491 2682 2548 ⁴2
2714 2485 2905 2550 fuisse

346 2586 707 2652 diminutam
756 2588 831 2652 ad
877 2608 1072 2653 assem
1120 2609 1258 2653 unc
1307 2594 1363 2651 8

257 2696 362 2756 69.
416 2693 608 2774 (=8.)
660 2691 726 2775 a)
775 2698 909 2763 νεὶ
953 2691 1011 2754 in
1060 2693 1307 2775 postica.

604 2793 890 2859 Conchae
936 2793 1214 2859 bivalvae
1260 2796 1505 2859 striatae
1550 2797 1801 2860 interior
1845 2797 2051 2860 facies,

608 2895 794 2962 Clava
838 2903 898 2960 et
941 2904 1081 2961 nota
1124 2896 1380 2961 trientis.

404 2991 407 2994 ’
518 2998 725 3064 Edidit
768 3000 976 3065 Riccio
1022 3002 1079 3063 in
1130 2999 1378 3086 Ephem.
1432 3000 1685 3076 teatina,
1733 2998 1955 3083 vigile,
2007 3005 2189 3080 4844,
2229 3005 2297 3064 34
2346 3020 2567 3075 marzo,
2613 3000 2912 3088 traditque

344 3105 621 3191 pendere
666 3103 873 3168 uncias
920 3109 1180 3188 quatuor
1225 3106 1429 3167 semis,

439 3206 502 3290 b)
555 3212 695 3279 VE5
746 3209 803 3271 in
851 3208 1102 3292 postica.

610 3309 804 3394 Caput
847 3309 1019 3374 bovis
1065 3310 1384 3374 adversum
1434 3316 1493 3372 et
1540 3316 1679 3373 nota
1728 3312 2036 3375 sextantis,

607 3413 778 3478 Luna
822 3413 1065 3477 falcata.

526 3515 629 3578 Est
679 3518 735 3579 in
786 3514 1217 3586 Kircheriano
1267 3516 1611 3600 pendetque
1660 3536 1749 3597 gr.
1789 3522 1889 3593 85,
1909 3520 1986 3580 90
2038 3516 2386 3581 referendus
2433 3516 2506 3579 ad
2556 3535 2751 3580 assem
2803 3536 2915 3581 un·

345 3620 587 3684 ciarum
635 3618 1004 3704 quindecim.

439 3723 502 3805 c)
556 3724 697 3802 VH
745 3723 807 3786 in
853 3723 1106 3808 postica.

446 3814 451 3817 ’
614 3825 905 3910 Bipennis
953 3846 1092 3892 cum
1140 3825 1490 3902 manubrio,
1540 3832 1599 3889 et
1645 3833 1786 3891 nota
1831 3824 2066 3890 unciae.

611 3927 895 3993 Conchae
943 3929 1221 3994 bivalvae
1268 3931 1516 3993 striatae
1562 3927 1815 3993 interior
1858 3928 2062 3995 facies.

526 4034 631 4096 Est
656 4034 714 4096 in
740 4031 1140 4097 Kircheriano
1167 4034 1511 4119 pendetque
1536 4052 1620 4114 gr.
1648 4037 1710 4096 tt
1730 4084 1743 4109 ‚
1762 4032 2119 4097 referendus
2141 4029 2216 4096 ad
2241 4049 2435 4095 assem
2463 4032 2780 4096 unciarum
2800 4028 2926 4094 XV.

447 4136 514 4219 d)
565 4141 706 4208 νες
755 4137 813 4199 in
862 4134 1112 4222 postica.

526 4245 539 4250 '
610 4237 871 4304 Calceus
917 4246 980 4303 et
1023 4259 1091 4314 a,
1140 4240 1508 4324 quandoque
1558 4247 1698 4303 nota
1745 4237 2093 4304 semunciae
2148 4245 2224 4314 ὲ.

534 4343 600 4407 ln
647 4341 1053 4407 Kircberiano
1116 4345 1385 4427 pendens
1440 4364 1530 4424 gr.
1579 4348 1777 4422 2220
1838 4341 2193 4408 referendus
2239 4341 2316 4407 ad
2363 4361 2558 4408 assem
2614 4344 2926 4407 unciarum

349 4446 466 4512 XV
509 4448 609 4513 vel
653 4446 803 4510 xvl.
1136 4507 1146 4516 .

251 4556 369 4617 70.
430 4551 499 4635 (z
524 4552 698 4635 o‚8.)
747 4551 815 4632 a)
868 4555 1092 4632 -rssxtl,
1141 4557 1178 4623 4
1227 4552 1286 4614 in
1334 4554 1532 4618 antica
1582 4558 1784 4624 ΗΑΤ,
1836 4555 1873 4621 lr
1921 4552 1980 4615 in
2031 4553 2278 4636 postica.

621 4654 815 4740 Caput
859 4654 1048 4719 Sileni
1089 4656 1427 4720 redimitum
1467 4655 1663 4722 ferula
1699 4656 2040 4722 hederacea
2076 4656 2274 4722 tribus
2308 4656 2635 4722 baccarum
2673 4655 2930 4720 racemis

705 4758 1009 4824 distincta.
