3440 5114
496 196 599 256 642

435 314 653 383 duovir
698 316 867 380 urbis
912 314 1318 379 moeniundae
1368 315 1529 377 4759

433 403 643 468 duovir
687 410 929 466 curator
975 419 1257 481 agrorum
1303 399 1687 485 publicorum
1735 403 1903 462 2422

434 487 760 571 duplicatio
815 487 1270 549 consonantium
1329 492 1466 547 ante
1526 504 1583 547 a.
1632 488 1752 546 580
1801 485 2040 548 invecta
2095 506 2152 568 p.
2204 486 2310 559 l7;
2369 486 2447 548 ab
2505 487 2620 550 hac
2674 492 2873 550 aetate
2929 486 3002 547 ad
3052 487 3178 547 620

521 572 716 635 minus
764 571 1146 651 geminatum,
1195 588 1373 653 quam
1423 569 1822 649 geminatum3
1867 570 1962 632 ab.
2010 588 2064 632 a.
2114 573 2234 633 620
2282 571 2360 634 ad
2409 575 2530 634 640
2562 591 2758 654 aeque
2805 569 3176 651 geminatum

518 678 577 739 p.
632 660 728 729 49,
775 655 851 718 ab
900 675 954 716 a.
983 658 1101 716 640
1134 654 1209 716 ad
1248 656 1367 717 670
1417 673 1571 736 pene
1617 659 1968 716 constanter
2010 654 2071 716 in
2119 657 2375 718 nummis
2409 654 2898 736 geminatum3in
2935 652 3176 735 legibus

519 740 890 821 geminatum
941 740 1128 819 magis
1175 757 1354 821 quam
1405 757 1520 801 non
1568 739 1935 821 geminatum
1982 736 2132 801 ibid.

437 824 781 908 dupondius
826 823 887 885 in
936 824 1187 885 semisse
1234 841 1481 885 romano
1529 841 1708 886 cusus
1759 821 1916 906 typis
1961 825 2226 886 romanis
2276 828 2353 886 32
2400 828 2439 887 ά

436 930 465 969 e
512 928 618 993 pro
664 909 685 968 i
729 910 785 970 in
835 906 1143 970 radicibus
1193 907 1625 970 vocabulorum
1671 904 2062 969 vetustissimi
2097 908 2449 991 frequenter
2490 915 2811 993 usurpant:
2861 907 2982 969 ruri
3027 906 3179 969 scri·

522 993 685 1056 bitur
725 994 904 1054 etiam
954 999 1090 1072 post
1133 990 1393 1054 medium
1441 992 1752 1056 saeculum
1799 999 2031 1055 sextum
2078 1013 2137 1075 p.
2185 997 2266 1055 25

435 1079 489 1139 ei
533 1096 640 1162 pro
686 1079 708 1138 i
754 1075 843 1138 vel
890 1076 1146 1156 elonga
1198 1076 1257 1139 in
1315 1076 1516 1139 radice
1573 1077 1902 1161 aliquando
1959 1077 2136 1139 etiam
2197 1097 2309 1161 pro
2368 1099 2397 1137 e
2458 1076 2624 1141 brevi
2686 1078 2776 1141 vel
2833 1077 2852 1135 ι’
2916 1082 3043 1137 orta
3099 1093 3179 1137 ex

525 1185 541 1221 ι
589 1163 955 1225 Graecorum
1005 1168 1350 1244 usurpatur,
1396 1181 1434 1243 p
1500 1164 1602 1237 27,
1654 1168 1717 1232 ΕΙ
1773 1163 1832 1229 in
1879 1160 2281 1224 declinatione
2328 1180 2400 1225 ex
2448 1162 2747 1226 sententia
2793 1159 3006 1223 Lucilii
3053 1179 3173 1220 no·

524 1248 874 1310 minativum
925 1244 1221 1327 pluralem
1268 1266 1302 1308 a
1348 1246 1611 1326 genitivo
1658 1244 1718 1308 in
1775 1253 1786 1313 l
1842 1244 2158 1328 distinguit
2202 1266 2262 1328 p.
2307 1250 2386 1308 29

440 1330 757 1415 epistolam
803 1337 1149 1413 praetorum
1197 1330 1272 1392 ad
1316 1330 1601 1393 Tiburtes
1653 1336 1771 1393 446

441 1415 815 1499 epitaphium
862 1413 1231 1479 Naevianum
1277 1434 1332 1496 p.
1382 1419 1457 1476 40

441 1499 702 1583 epistola
745 1499 1059 1562 consulum
1110 1498 1183 1562 de
1230 1497 1667 1562 bachanalibus
1717 1502 1840 1561 879

444 1583 690 1665 epulum
738 1582 1049 1665 publicum
1099 1588 1176 1645 66
1218 1604 1258 1662 p
1302 1604 1334 1643 r

442 1675 763 1750 equestres
809 1666 935 1730 ludi
983 1668 1184 1730 Aiacis
1231 1666 1383 1729 Oilei
1431 1669 1880 1749 Agamemnone
1926 1665 2214 1762 praeside
2264 1671 2385 1729 525

443 1772 585 1835 ergo
635 1771 818 1816 causa
859 1754 1058 1825 ἕνεκεν,
1106 1750 1359 1814 benefici
1407 1770 1554 1834 ergo
1602 1757 1723 1813 989
1772 1752 1981 1815 salutis
2027 1770 2173 1834 ergo
2222 1757 2360 1824 990,
2413 1751 2648 1815 virtutis
2706 1770 2849 1833 ergo
2896 1754 3004 1815 994
3061 1749 3182 1811 be-

529 1835 894 1900 nivolentiae
938 1833 1323 1919 beneficique
1369 1855 1556 1900 causa
1604 1841 1724 1898 998
1771 1836 2021 1899 honoris
2069 1836 2427 1920 virtutisque
2477 1856 2713 1908 caussa,
2768 1841 2926 1898 4420

443 1941 681 1986 errores
728 1921 990 1983 fabriles:
1036 1922 1095 1982 in
1122 1942 1385 2007 xnummo
1432 1919 1678 2002 Pompei
1734 1926 1916 1991 ΡΜΟ
1959 1940 2066 2006 pro
2111 1926 2292 1991 ΡΟΜ
2337 1919 2579 2004 ponitur
2612 1926 2751 1999 459,
2782 1921 2841 1984 in
2885 1939 3184 1984 marmore

531 2008 848 2089 genetivus
895 2024 1003 2089 pro
1053 2003 1442 2076 nominativo,
1494 2008 1681 2075 4380,
1733 2005 1853 2067 dat.
1900 2024 2010 2089 pro
2057 2004 2274 2068 nomin.
2338 2008 2500 2068 4382
2555 2005 2703 2070 ordo
2762 2013 3183 2089 praeposterus

535 2095 696 2153 4580
744 2090 869 2151 vide
914 2110 1140 2153 errores
1184 2092 1246 2151 in
1289 2091 1499 2151 tabulis
1545 2090 1728 2169 loqu-m

446 2194 686 2239 errores
734 2174 1032 2238 artificum
1082 2182 1350 2237 veterum
1396 2173 1457 2236 in
1504 2172 1847 2236 nominibus
1899 2174 2101 2237 Aiacis
2147 2192 2256 2256 pro
2305 2173 2500 2257 Ulyxe
2550 2178 2670 2237 524
2726 2173 3184 2259 Belorophontis

529 2280 637 2323 seu
683 2258 1094 2341 Melerpantac
1139 2278 1247 2341 pro
1292 2258 1513 2339 Pelope
1564 2260 1684 2321 537

446 2363 687 2409 errores
732 2345 793 2406 in
842 2344 956 2406 vol.
1009 2349 1031 2406 4
1088 2342 1377 2426 Corporis
1424 2338 1630 2406 inscri.
1675 2343 1840 2405 latin.
1868 2343 2098 2406 editore
2130 2342 2525 2406 Mommsenio
2564 2344 2955 2408 emendantur
2985 2349 3020 2406 3
3050 2344 3182 2413 a-d,

532 2435 600 2492 ot
657 2431 715 2505 d,
764 2428 903 2504 479,
957 2432 1095 2500 482,
1146 2431 1286 2505 486,
1335 2431 1473 2500 513,
1525 2431 1665 2503 59¹,
1715 2430 1850 2498 593,
1905 2431 2045 2502 595,
2097 2429 2236 2501 597,
2287 2431 2430 2503 604,
2480 2431 2624 2505 609,
2670 2432 2811 2502 607,
2859 2433 3001 2505 eie,
3038 2432 3180 2501 eit,

533 2518 678 2587 645,
725 2517 868 2588 646,
916 2516 1058 2587 624,
1106 2516 1246 2586 622,
1296 2516 1435 2588 623,
1484 2515 1624 2586 626,
1676 2515 1820 2586 632,
1871 2514 2018 2587 634,
2068 2515 2214 2589 636,
2262 2516 2402 2586 642,
2451 2516 2603 2588 644,
2651 2517 2794 2586 645,
2841 2518 2981 2590 649,
3032 2516 3175 2590 663,

533 2603 674 2671 665,
724 2601 867 2670 666,
914 2599 1059 2670 672,
1105 2600 1245 2670 673,
1295 2601 1435 2670 677,
1484 2601 1623 2670 680,
1673 2600 1817 2671 684,
1866 2602 2019 2673 683,
2072 2602 2226 2672 685,
2273 2601 2414 2671 686,
2467 2600 2611 2674 687,
2657 2602 2798 2671 689,
2846 2604 2986 2672 690,
3034 2601 3180 2676 700,

531 2686 678 2757 705,
728 2685 870 2755 708,
918 2683 1060 2756 740,
1106 2684 1251 2755 745,
1298 2683 1443 2755 746,
1488 2685 1630 2756 747,
1676 2682 1819 2753 748,
1869 2684 2008 2755 722,
2059 2683 2211 2753 723,
2259 2685 2414 2756 725,
2462 2685 2605 2754 728,
2655 2685 2800 2760 730,
2846 2686 2991 2756 732,
3037 2685 3175 2753 738,

532 2770 676 2837 744,
725 2768 870 2842 754,
916 2768 1057 2840 755,
1107 2766 1249 2838 756,
1297 2769 1441 2842 759,
1491 2768 1633 2842 760,
1683 2768 1826 2838 764,
1875 2768 2016 2838 767,
2066 2768 2209 2839 769,
2257 2765 2398 2839 777,
2447 2768 2590 2841 778,
2640 2769 2786 2843 779,
2838 2770 2995 2842 783,
3040 2769 3180 2838 787,

533 2854 675 2926 929,
725 2854 905 2923 4006,
956 2854 1137 2922 4034,
1187 2851 1370 2914 4075.
1420 2854 1603 2922 4082,
1654 2854 1836 2926 4090,
1888 2852 2071 2925 4474,
2121 2854 2305 2922 4200,
2342 2854 2523 2923 4244,
2562 2855 2670 2914 424
2692 2856 2743 2925 4,
2785 2857 2968 2926 4245,
3001 2855 3182 2924 4224,

539 2940 732 3010 4225,
784 2937 977 3011 4228,
1028 2937 1215 3008 4229,
1268 2938 1458 3010 4234,
1511 2938 1702 3009 4235,
1756 2936 1948 3007 4237,
2001 2936 2192 3008 4240,
2243 2938 2432 3006 4246,
2483 2939 2678 3010 4254,
2744 2940 2933 3012 4266,
2996 2939 3178 3006 4267,

538 3022 730 3092 4268,
784 3021 974 3090 4276,
1025 3020 1217 3090 4279,
1269 3022 1459 3096 4280,
1512 3022 1703 3091 4290,
1755 3023 1945 3092 4292,
1996 3020 2190 3092 4304,
2244 3022 2438 3095 4309,
2487 3023 2688 3098 4345,
2742 3023 2938 3093 4347,
2992 3023 3182 3093 4322,

538 3106 721 3177 4332,
770 3105 951 3177 4337,
1003 3105 1149 3164 4354
1209 3111 1310 3162 cet.

449 3186 890 3252 exdeicendum
936 3205 1185 3250 censere
1231 3184 1292 3248 in
1340 3186 1719 3250 coventionid
1767 3190 1888 3249 879

456 3279 495 3342 Ρ
541 3272 780 3334 litterae
827 3270 993 3332 multi
1041 3271 1141 3333 lex
1184 3269 1375 3332 forma
1417 3289 1477 3354 p.
1526 3272 1560 3330 3
1589 3306 1619 3317 -
1648 3279 1688 3342 Ρ
1736 3291 1843 3354 pro
1897 3279 1956 3346 Β,
2004 3272 2096 3334 vel
2143 3292 2252 3357 pro
2307 3280 2353 3342 Η
2406 3293 2462 3357 p.
2490 3278 2524 3335 3
2561 3278 2680 3338 523
2719 3278 2838 3337 524
2880 3282 2920 3345 Ρ
2952 3294 3056 3358 pro
3087 3274 3184 3353 ph.

533 3353 775 3428 OrseuS,
823 3375 931 3438 pro
1031 3403 1046 3430 ‚
1092 3354 1436 3437 Fo(lcatius)
1490 3357 1669 3429 4024,
1718 3356 1920 3434 addita
1962 3365 2205 3443 praeter
2249 3358 2743 3423 consuetudinem
2789 3379 2845 3421 n.
2887 3363 3028 3432 539,
3064 3360 3185 3419 vido

535 3441 770 3501 indicem
812 3442 1247 3518 yrammaticum

451 3525 652 3589 facere
696 3543 823 3588 rem
869 3522 1190 3607 capitalem
1237 3523 1357 3585 879

449 3609 626 3673 sactis
669 3626 962 3691 superare
1008 3610 1255 3689 gloriam
1304 3608 1594 3671 maiorum
1644 3613 1756 3672 884

451 3691 718 3757 faciliam
762 3691 943 3756 alicui
990 3693 1185 3757 facere
1230 3691 1289 3754 h.
1339 3711 1390 3755 e.
1438 3691 1786 3756 facultatem
1833 3698 1956 3756 892

449 3778 673 3841 Falisci
719 3777 823 3861 qui
867 3778 929 3840 in
974 3778 1255 3842 Sardinia
1299 3784 1438 3841 sunt
1486 3781 1604 3839 558

447 3861 820 3926 Faliscorum
867 3862 1253 3944 alphabetum
1300 3862 1375 3926 ad
1422 3882 1476 3925 n.
1510 3866 1650 3936 559,
1697 3862 1868 3941 origo
1901 3861 2119 3944 gentiS,
2156 3864 2381 3948 oppida
2405 3862 2711 3928 Falerium
2747 3881 2858 3927 seu
2889 3862 3184 3928 Faliscum

533 3948 672 4012 dein
715 3945 957 4011 colonia
1000 3945 1251 4011 Iunonia
1295 3945 1558 4020 Falisca,
1603 3952 1732 4010 tum
1775 3946 2015 4023 Falerii,
2065 3968 2222 4012 nunc
2270 3949 2330 4012 S.
2378 3948 2459 4011 M.
2489 3949 2549 4011 di
2593 3946 2813 4011 Falleri
2847 3946 2904 4011 in
2937 3949 3186 4033 planitie

536 4053 592 4116 p.
643 4037 797 4110 494;
844 4039 1234 4096 monumenta
1277 4032 1591 4112 790-840,
1637 4031 1793 4094 adde
1843 4033 1985 4107 557,
2033 4036 2174 4105 558,
2225 4036 2345 4096 559
2391 4033 2520 4094 vide
2563 4031 2903 4116 Capenates

449 4115 573 4181 falx
617 4117 933 4180 arboraria
977 4117 1033 4180 in
1084 4135 1323 4180 nummo
1369 4117 1524 4179 male
1570 4135 1677 4198 pro
1724 4114 1942 4200 strigili
1988 4123 2247 4201 sumpta,
2298 4122 2363 4180 44

452 4202 581 4276 feri,
627 4220 738 4265 vox
786 4200 1197 4266 Romanorum
1245 4199 1354 4263 fuit
1398 4203 1459 4263 in
1508 4200 1713 4265 hostes
1760 4202 2136 4266 tendentium
2184 4206 2303 4265 939

450 4285 659 4351 fetiale
704 4287 797 4349 ius
845 4288 1081 4371 paravit
1125 4286 1339 4351 Fertor
1382 4285 1664 4351 Erresius
1716 4291 1879 4350 4445

447 4372 716 4438 foederis
782 4372 1042 4436 feriundi
1110 4371 1261 4435 ritus
1326 4372 1631 4454 antiquuS‚
1681 4378 1717 4434 5
1766 4371 2080 4438 foederati.
2136 4372 2227 4435 De
2284 4370 2685 4437 bacanalibus
2747 4370 3024 4455 (eorum)
3084 4372 3186 4455 qui

532 4457 828 4524 foederati
872 4466 1078 4526 essent
1122 4456 1525 4526 exdicendum
1571 4457 1855 4530 consules
1901 4464 2116 4530 senatu
2162 4457 2440 4524 consulto
2487 4464 2856 4526 censuerunt
2899 4461 3021 4524 879
