3440 5114
2802 291 2904 347 653

317 427 382 477 25
428 427 494 478 28
539 428 607 480 35
650 409 977 493 vectigalia
1012 410 1260 494 publica
1307 416 1487 487 4060,
1523 428 1588 479 73
1617 413 1940 495 vectigalia
1971 411 2216 497 publica
2251 432 2310 497 p.
2335 432 2383 476 r.
2406 411 2719 496 redempta
2747 412 2977 478 habere

319 498 503 570 4004,
541 516 590 568 9,
622 512 689 562 35
720 496 1120 579 vectigalibus
1167 498 1502 561 vendendis
1540 498 1814 561 locandis
1844 497 2040 579 legem
2069 495 2277 560 dicere
2312 500 2453 572 920,
2480 495 2550 566 δῦ
2573 498 2975 580 vectigalibus

315 578 579 663 publicis
626 581 895 645 fruendis
942 580 1216 645 locandis
1262 582 1597 646 vendendis
1639 584 1837 665 legem
1885 583 2091 646 dicere
2139 586 2280 653 920,
2327 597 2394 648 85

230 664 487 745 vectigal
533 664 847 749 publicum
893 665 1006 730 hoc
1052 673 1144 728 est
1186 667 1360 731 locus
1407 667 1685 751 publicus
1732 667 2043 749 vectigalis
2092 669 2252 728 4463

230 747 482 812 Veneris
528 749 689 833 apud
735 749 936 816 lovem
983 750 1266 816 lacrimae
1310 771 1419 835 pro
1459 752 1735 817 Adonide
1784 756 1903 814 533

231 852 445 898 versus
483 833 751 897 Saturnii
796 835 966 916 leges
1011 853 1047 897 a
1092 835 1501 917 grammaticis
1546 836 1854 901 veteribus
1901 843 1960 898 et
2003 834 2175 898 novis
2222 833 2476 898 traditae
2523 853 2583 917 p.
2632 838 2730 910 37,
2778 839 2855 898 39

229 918 459 980 viarum
504 925 818 983 curatores
864 921 1047 984 creati
1097 920 1231 1003 lege
1280 920 1527 984 Visellia
1572 926 1733 986 4009
1778 922 1903 981 vide
1946 921 2076 981 add.

233 1002 585 1075 victoriatus
634 1021 913 1068 nummus
960 1004 1216 1087 duplex,
1261 1011 1323 1068 et
1364 1006 1893 1070 semivictoriatus:
1943 1002 2295 1067 victoriatus
2357 1022 2477 1086 qua
2521 1009 2720 1066 aetate
2763 1022 2976 1081 casm,

319 1106 517 1170 quove
563 1088 833 1172 pondere
882 1093 983 1163 34,
1031 1092 1109 1152 32

236 1168 544 1235 Victoriae
591 1171 715 1237 ludi
764 1193 817 1237 a.
868 1176 990 1237 672
1035 1174 1295 1237 instituti
1342 1179 1450 1237 334

233 1256 404 1319 vicus
450 1257 509 1319 in
559 1257 708 1321 urhe
754 1259 849 1322 cui
896 1279 933 1322 a
978 1260 1113 1323 lacu
1161 1260 1434 1323 Fundani
1486 1277 1701 1322 nomen
1751 1262 1873 1320 984

234 1340 582 1423 vigesimam
629 1350 861 1425 partem
910 1345 1055 1407 dare
1101 1343 1377 1428 Apolloni
1427 1348 1545 1406 560

237 1422 451 1505 viginti
496 1444 604 1488 sex
648 1425 763 1489 viri
809 1429 868 1490 in
916 1429 1010 1492 his
1054 1429 1381 1493 decemviri
1429 1427 1690 1492 stlitibus
1737 1423 2072 1489 iudicandis
2118 1422 2355 1488 duoviri
2404 1425 2518 1488 viis
2564 1430 2736 1487 extra
2765 1424 2975 1487 urbem

321 1510 650 1594 propiusve
696 1530 750 1574 u.
799 1532 843 1575 r.
889 1532 947 1597 p.
997 1534 1072 1576 m.
1121 1511 1460 1597 purgandis
1507 1516 1649 1587 920,
1687 1528 1754 1580 28
1788 1514 1968 1583 4060,
1999 1526 2067 1578 50
2097 1511 2470 1593 quatuorviri
2516 1509 2807 1592 praefecti
2844 1511 2974 1572 iure

322 1592 589 1658 dicundo
637 1595 906 1691 Capuam
956 1596 1180 1660 Cumas
1236 1607 1332 1661 cet.
1379 1594 1759 1681 quatuorviri
1805 1597 1915 1658 viis
1963 1596 2021 1658 in
2070 1593 2280 1656 urbem
2331 1593 2668 1676 purgandis
2701 1596 2884 1666 4060,
2914 1610 2980 1658 50

321 1679 555 1742 tresviri
603 1681 896 1763 capltales
942 1687 1097 1755 944,
1148 1699 1210 1750 16
1252 1700 1318 1749 22
1363 1680 1600 1745 tresviri
1644 1680 1979 1744 monetales
2027 1682 2187 1757 342,
2235 1681 2357 1740 345
2403 1686 2505 1741 cet.

234 1761 513 1827 vinorum
561 1766 800 1829 nomina
847 1766 905 1829 in
954 1766 1257 1851 amphoris
1306 1774 1513 1830 notata
1556 1769 1665 1828 934
1949 1763 1962 1794 ¹

236 1846 477 1931 virgula
523 1848 824 1913 verticalis
883 1852 1091 1935 puncti
1135 1850 1651 1932 interstinguentis
1695 1851 1894 1914 locum
1943 1854 2107 1911 tenet
2155 1847 2273 1910 487
2320 1864 2526 1910 crassa
2578 1848 2832 1929 paginas
2879 1844 2977 1908 in-

324 1933 726 2016 terstinguens
772 1955 827 1997 n.
876 1937 995 1997 567
1418 1954 1435 1973 ·

237 2016 488 2079 virtutes
543 2017 783 2098 generis
838 2021 963 2083 suis
1019 2021 1288 2084 moribus
1334 2018 1748 2094 accumulare,
1796 2018 1910 2083 hoc
1958 2025 2052 2080 est
2095 2016 2330 2079 culmen
2374 2033 2603 2099 ponere
2656 2013 2979 2079 virtutibus

322 2101 395 2163 sti
477 2098 559 2174 is,
605 2106 727 2166 886
1242 2152 1251 2157 .

238 2182 361 2248 vita
402 2121 628 2249 1dlefecit
685 2186 973 2252 honorem
1031 2208 1149 2252 non
1207 2187 1399 2253 honor
1457 2189 1778 2264 honorem,
1823 2188 1940 2253 hoc
1986 2195 2078 2252 est
2136 2184 2281 2250 vixit
2334 2183 2507 2247 brevi
2562 2184 2671 2249 sed
2730 2183 2979 2246 honeste

324 2270 468 2332 vixit
513 2273 637 2335 882

241 2353 440 2416 undae
486 2362 794 2419 extremae
842 2355 1010 2420 aedis
1055 2358 1258 2442 lapide
1303 2364 1591 2431 structae,
1620 2377 1904 2442 quaeque
1936 2356 1999 2420 in
2027 2357 2322 2421 columnis
2354 2360 2532 2427 stant,
2559 2353 2981 2437 suntcymatia

324 2437 384 2502 la
429 2439 569 2503 idea
613 2458 920 2504 murorum
967 2449 1028 2505 et
1071 2443 1487 2507 columnarum
1536 2447 1730 2517 4034,
1769 2460 1803 2510 3

239 2540 386 2587 voca
432 2523 669 2589 ulorum
715 2524 954 2592 litterae
1001 2526 1058 2590 in
1106 2526 1222 2592 fine
1281 2547 1493 2592 versus
1554 2527 1932 2593 abundantes
1993 2527 2134 2590 olim
2196 2545 2333 2591 raro
2379 2524 2439 2586 in
2494 2521 2680 2587 alium
2741 2538 2981 2585 versum

324 2609 681 2674 translatae:
729 2612 930 2694 potius
976 2630 1159 2695 supra
1204 2612 1298 2676 vel
1345 2614 1504 2677 infra
1562 2632 1801 2677 versum
1862 2611 2342 2686 circumductae,
2389 2609 2486 2672 vel
2532 2608 2608 2670 ad
2655 2612 2838 2689 caput
2883 2604 2978 2668 al-

326 2694 512 2759 terius
557 2713 772 2758 versus
818 2697 1172 2770 translatae,
1220 2706 1504 2761 monente
1551 2705 1807 2761 accentu
1853 2717 1911 2780 p.
1965 2701 2039 2758 46

237 2780 500 2843 vocandi
548 2798 731 2843 casus
776 2779 1081 2845 adhibitus
1127 2781 1186 2844 in
1235 2783 1415 2867 cippo
1460 2781 1560 2846 dei
1605 2782 1868 2847 alicuius
1917 2784 2113 2854 4443,
2161 2785 2323 2843 4444

241 2869 444 2928 votum
491 2865 635 2927 vitio
681 2873 1041 2949 conceptum
1089 2886 1207 2930 non
1256 2867 1425 2943 dare,
1472 2874 1640 2931 recte
1686 2873 2047 2949 conceptum
2092 2864 2235 2928 dare
2284 2868 2403 2927 559

239 2945 328 3010 uti
372 2947 605 3013 honore
651 2949 815 3014 sama
859 2950 1082 3015 virtute
1124 2953 1315 3033 gloria
1359 2960 1540 3035 atque
1586 2953 1829 3035 ingenio
1874 2952 1932 3013 in
1977 2949 2158 3031 longa
2201 2950 2327 3014 vita
2369 2948 2492 3011 887

238 3037 287 3095 Χ
332 3031 526 3098 forma
569 3035 700 3098 eius
748 3040 798 3104 ἢ·
844 3037 1134 3100 vetustior
1177 3056 1230 3120 p.
1284 3040 1319 3099 7

243 3123 293 3186 Χ
345 3126 488 3183 nota
530 3117 833 3194 dextantis
879 3139 989 3184 seu
1035 3121 1190 3183 assis
1235 3120 1549 3185 decimalis
1595 3121 1655 3184 in
1701 3139 1843 3185 aere
1888 3119 2016 3183 sere
2063 3118 2303 3194 unciali,
2348 3119 2546 3191 Roma,
2594 3123 2656 3180 et
2703 3122 2749 3184 l..
2796 3119 2872 3176 42

245 3206 341 3273 XS
387 3222 496 3286 pro
540 3209 591 3275 Χ
635 3205 892 3288 primum
939 3207 1280 3287 exemplum
1324 3205 1509 3270 habet
1552 3225 1605 3269 a.
1653 3208 1806 3280 668,
1856 3212 1978 3268 tum
2038 3205 2286 3267 saeculo
2341 3202 2598 3285 septimo
2659 3200 2981 3283 aliquoties

323 3294 654 3372 usurpatur
697 3289 1074 3371 frequentior
1118 3292 1322 3376 futura
1366 3298 1564 3354 aetate
1612 3298 1944 3369 augustea,
1993 3309 2049 3371 p.
2095 3290 2175 3351 22

241 3374 291 3440 Ζ
333 3368 398 3434 in
446 3374 701 3438 nummis
747 3372 1121 3440 Cozanorum
1167 3377 1506 3459 exemplum
1553 3371 1940 3439 vetustissimi
1986 3375 2172 3437 moris
2219 3393 2278 3456 p.
2326 3375 2395 3442 6,
2444 3371 2482 3433 7
