3440 5114
2823 282 2855 338 9

288 408 392 465 toto
425 401 645 464 saeculo
677 398 894 486 quinto
924 408 1220 486 usurpata
1262 410 1385 479 est,
1423 402 1582 468 unde
1628 410 1688 469 et
1733 404 1786 467 ei
1834 423 2056 468 nomen
2102 402 2362 468 inhaesit
2405 404 2882 488 antiquissimae,
2937 486 2944 494 ⁹

288 504 514 586 quamvis
552 504 763 569 eadem
811 511 1004 568 aetate
1053 509 1103 573 A
1153 511 1502 568 transversa
1545 506 1704 569 linea
1749 506 2388 595 scriberetur-passim
2447 505 2526 570 ab
2584 504 2880 570 omnibus

288 605 680 672 Mansitautem
717 612 773 681 A
808 608 866 670 in
901 608 1155 671 nummis
1186 608 1592 672 Romanorum
1633 628 1823 691 usque
1851 608 1924 672 ad
1958 607 2266 673 dimidium
2308 609 2614 673 saeculum
2651 618 2883 673 sextum

287 710 582 790 praesertim
641 708 705 774 in
772 711 1013 773 nomine
1078 716 1322 783 ROMA
1384 710 1462 775 ob
1522 712 2023 776 consuetudinem
2091 709 2416 776 inductam.
2477 711 2749 795 Namque
2809 711 2886 776 ab

288 830 414 875 anno
458 816 562 876 537
622 813 701 878 ad
762 817 880 876 550
941 814 1280 897 promiscue
1340 814 1494 878 adeo
1563 821 1892 898 usurpatur
1949 815 2005 877 in
2069 815 2326 878 nummis
2384 812 2773 887 familiarum,
2823 822 2886 877 ut

284 916 510 1000 exempla
548 916 1003 1000 quatuordecim
1052 915 1171 980 sint
1218 915 1455 999 litterae
1505 923 1592 994 A,
1639 917 1848 999 viginti
1895 935 2040 981 vero
2087 915 2335 980 alterius
2380 917 2608 981 formae
2658 922 2745 988 A.
2794 917 2883 979 Ab

285 1036 345 1080 ea
381 1036 495 1082 vero
534 1025 732 1084 aetate
781 1023 901 1083 550
939 1019 1017 1084 ad
1054 1024 1193 1095 600,
1231 1018 1443 1102 viginti
1492 1022 1756 1105 quinque
1804 1021 1923 1083 sint
1968 1026 2051 1097 A,
2098 1040 2204 1083 sex
2238 1025 2295 1091 A
2334 1027 2682 1083 occurrant:
2716 1020 2883 1083 dein-

286 1138 401 1202 ceps
443 1140 567 1185 vero
627 1127 677 1191 A
742 1129 1054 1195 constans,
1112 1123 1357 1186 alterius
1421 1130 1476 1194 A
1539 1122 1763 1187 nullum
1827 1123 2167 1208 exemplum
2227 1123 2449 1186 nummi
2510 1121 2881 1186 familiarum

284 1222 564 1305 praebeant
610 1227 667 1288 in
716 1223 831 1289 hoc
879 1224 1045 1289 urbis
1106 1226 1352 1290 nomine
1415 1225 1824 1288 inscribendo.
1886 1224 2032 1289 Cum
2094 1244 2234 1291 vero
2296 1230 2353 1296 A
2414 1223 2475 1287 in
2537 1225 2882 1289 nominibus

285 1328 690 1391 monetariorum
741 1346 1122 1392 romanorum
1169 1329 1479 1409 signandis
1525 1346 1826 1412 nusquam
1872 1336 2177 1412 appareat,
2223 1326 2488 1410 itemque
2535 1335 2656 1392 toto
2702 1329 2881 1425 etiam

281 1427 479 1493 saeculo
529 1438 701 1495 sexto
760 1428 819 1494 in
881 1431 1131 1495 urbanis
1191 1429 1591 1495 monumentis
1651 1450 1770 1494 non
1834 1436 2185 1515 usurpetur,
2232 1429 2371 1494 inde
2428 1449 2609 1514 posse
2667 1431 2883 1495 deduci

281 1529 494 1596 arbitror
531 1532 788 1597 sormam
835 1539 892 1605 A
941 1554 1012 1597 ex
1059 1532 1397 1598 italicarum
1443 1534 1709 1615 gentium
1750 1532 2188 1598 consuetudine
2222 1531 2283 1595 in
2322 1550 2637 1597 romanum
2673 1531 2884 1618 alpha-

280 1631 446 1697 betum
486 1642 785 1721 receptam
833 1637 1033 1713 initio,
1081 1636 1390 1722 paullatim
1438 1636 1737 1701 deiectam
1784 1644 1844 1700 et
1875 1636 2274 1713 obliteratam,
2311 1636 2603 1700 mansisse
2636 1636 2881 1700 demum

280 1734 325 1797 in
365 1738 673 1822 properatis
719 1739 926 1803 formis
971 1759 1123 1824 quas
1169 1740 1441 1804 cursivas
1487 1738 1761 1803 dicimus,
1813 1737 2007 1803 Latini
2042 1741 2097 1803 in
2136 1740 2392 1804 nummis
2430 1737 2532 1823 qui
2572 1739 2882 1803 saeculum

278 1846 469 1903 sextum
511 1862 623 1906 non
672 1842 976 1911 excedunt
1032 1842 1159 1907 sere
1220 1841 1561 1928 promiscue
1620 1849 1918 1926 usurpant
1977 1849 2291 1928 utramque
2346 1841 2631 1915 sormam;
2678 1844 2883 1926 itaque

279 1938 472 2008 litterae
511 1953 562 2017 A
606 1944 973 2028 colliguntur
1017 1947 1296 2030 exempla
1342 1945 1550 2030 viginti
1599 1947 1746 2018 duo,
1782 1953 1844 2007 at
1872 1944 2123 2010 alterius
2158 1953 2213 2017 A
2247 1945 2725 2028 quatuordecim.
2774 1944 2886 2009 Co-

277 2042 435 2109 loniae
474 2068 608 2113 vero
654 2048 832 2113 inseri
878 2049 1058 2114 maris
1106 2070 1220 2114 non
1262 2044 1555 2113 nov'erunt
1588 2049 1697 2113 nisi
1741 2054 1812 2118 A.
1860 2050 1926 2112 In
1965 2048 2180 2132 Apulia
2210 2068 2383 2112 usum
2419 2050 2884 2131 frequentiorem

277 2145 463 2215 litterae
507 2157 562 2224 A
623 2153 848 2217 nummi
907 2153 1240 2236 praebent:
1306 2153 1408 2237 qui
1456 2152 1598 2216 mibi
1647 2151 2036 2216 innotuerunt
2081 2150 2306 2216 babent
2353 2158 2402 2222 A
2456 2171 2571 2214 non
2621 2152 2881 2235 amplius

276 2258 480 2331 quater,
526 2261 581 2325 A
628 2274 770 2318 vero
819 2256 1027 2318 novies
1073 2263 1431 2339 usurpatum
1479 2255 1617 2317 vidi.

344 2353 469 2418 Aliis
511 2357 568 2420 in
615 2360 1044 2436 monumenti8‚
1078 2376 1235 2441 quae
1267 2356 1609 2441 antiquiora
1640 2378 1775 2421 esse
1819 2357 1879 2421 in
1927 2363 2237 2441 comperto
2284 2365 2400 2432 est,
2436 2357 2586 2421 baec
2622 2357 2883 2420 notanda

276 2454 406 2521 duxi.
448 2452 812 2524 Praenestini
860 2463 918 2525 in
967 2460 1463 2545 inscriptionibus
1510 2468 1569 2523 et
1617 2461 1676 2523 in
1728 2462 1897 2525 stelis
1948 2467 1999 2531 A
2049 2479 2121 2524 ea
2185 2468 2479 2545 usurpant
2523 2461 2881 2533 constantia,

278 2565 328 2621 ut
364 2557 571 2643 ingenti
614 2563 677 2628 in
724 2584 930 2631 earum
977 2584 1221 2629 numero
1271 2567 1426 2648 (nam
1473 2567 1546 2630 ad
1606 2568 1725 2627 ⁴72
1759 2565 1936 2629 bodie
1968 2569 2121 2646 sunt)
2161 2565 2372 2628 decem
2404 2571 2464 2628 et
2494 2571 2628 2629 octo
2657 2570 2882 2628 tantum

232 2673 237 2677 ’
275 2664 557 2743 praebeant
579 2667 829 2731 sormam
849 2673 924 2740 A.
958 2669 1232 2733 Paestani
1260 2668 1475 2742 coloni,
1496 2668 1818 2742 Valentini,
1838 2666 2170 2753 Copienses
2195 2670 2252 2730 in
2279 2665 2536 2731 nummis
2561 2668 2799 2732 unicam
2825 2672 2875 2736 Α

274 2764 537 2832 adhibent.
580 2772 736 2836 Aera
769 2770 1288 2836 Praenestinorum
1318 2771 1695 2855 aliarumque
1729 2770 2050 2846 latinarum
2091 2771 2433 2841 civitatum,
2467 2770 2883 2854 inscriptiones

273 2871 606 2937 vasculorum
654 2872 1049 2957 Capenatium
1097 2874 1349 2957 graphio
1389 2873 1643 2945 incisae,
1681 2874 1934 2938 aliorum
1972 2873 2333 2958 populorum
2380 2874 2608 2957 pictae,
2657 2877 2712 2944 A
2762 2872 2884 2936 sere

273 2979 571 3039 constanter
615 2976 931 3061 praebent,
982 2985 1102 3040 tum
1150 2977 1339 3040 stelae
1388 2976 1816 3060 pisaurenseS,
1867 2976 2225 3060 tegulaeque
2274 2976 2519 3040 faliseae
2566 2995 2701 3039 cum
2761 2995 2888 3039 nio·

272 3076 546 3158 numen'tis,
591 3097 752 3165 quae
795 3079 1054 3144 dialecto
1100 3078 1229 3145 sive
1276 3081 1460 3145 latina
1491 3082 1619 3145 sive
1654 3080 1868 3145 sabina
1899 3098 2220 3164 marsaque
2253 3085 2577 3163 conceptae
2610 3085 2766 3148 sunt,
2804 3079 2885 3141 ita

271 3181 639 3259 consentiunt,
688 3188 752 3246 ut
797 3202 914 3246 non
959 3184 1220 3248 absurde
1266 3183 1515 3248 sormam
1562 3184 1715 3248 banc
1764 3189 1819 3256 A
1867 3182 2167 3258 italicam,
2218 3188 2302 3258 A,
2349 3202 2525 3267 quam
2575 3201 2881 3246 romanam

270 3281 501 3362 ostendi,
546 3284 791 3348 latinam
837 3304 1031 3371 aeque
1076 3286 1278 3350 dicere
1322 3289 1542 3372 possis,

334 3383 543 3462 Forma,
575 3406 734 3472 quae
781 3407 998 3471 graeca
1042 3390 1160 3453 dici
1209 3389 1382 3462 solet,
1429 3394 1517 3461 Α,
1553 3396 1954 3453 transversam
1991 3389 2211 3453 lineam
2247 3385 2476 3458 habens
2507 3389 2564 3450 in
2598 3387 2884 3468 angulum

271 3483 498 3563 tractam,
545 3497 800 3575 apparet
847 3493 904 3554 in
943 3490 1125 3555 latino
1173 3492 1493 3576 alphabeto
1542 3498 1679 3555 ante
1727 3491 1950 3555 bellum
1999 3492 2282 3575 punicum
2331 3491 2603 3572 primum,
2639 3509 2746 3553 nec
2780 3489 2884 3553 (liu

267 3599 457 3669 manet,
500 3593 575 3657 de
620 3613 745 3679 qua
788 3594 909 3658 dixi
956 3613 1147 3677 nuper
1180 3596 1239 3658 in
1271 3595 1416 3658 diss,
1454 3595 1556 3656 Sui
1583 3594 2214 3658 canoniiAEitscmlmvai.
2265 3594 2410 3656 Eius
2441 3587 2716 3677 exempla
2747 3600 2883 3655 ante

268 3693 492 3760 medium
537 3698 850 3764 saeculum
898 3707 1129 3762 sextum
1177 3698 1445 3782 quinque
1491 3697 1730 3762 omnino
1775 3699 2163 3762 innotuerunt
2210 3699 2267 3760 in
2312 3696 2569 3760 nummis
2603 3696 2884 3772 romanis,

267 3814 417 3862 unum
457 3801 516 3864 in
558 3799 789 3878 latinis,
838 3808 1052 3884 postea
1098 3819 1292 3892 usque
1336 3800 1413 3864 ad
1453 3820 1674 3866 annum
1706 3806 1826 3864 600
1862 3801 1977 3865 tria
2009 3805 2234 3864 tantum
2267 3798 2558 3877 novimuS,
2594 3796 2883 3883 deinceps

268 3914 445 3981 sparsa
485 3910 781 3989 apparent
824 3909 886 3967 et
930 3901 1268 3981 rarissima,
1315 3910 1378 3968 ut
1424 3905 1483 3970 in
1531 3923 1771 3968 nummo
1819 3903 1883 3966 1..
1934 3901 2110 3968 Caesi
2157 3904 2249 3983 R.

325 4000 401 4068 De
428 4004 660 4071 litterae
694 4007 715 4067 l
747 4007 933 4071 veteri
967 4005 1442 4092 palaeographia
1472 4005 1564 4070 his
1597 4006 1920 4091 postremis
1954 4003 2325 4090 temporibus
2351 4002 2625 4089 quaestio
2653 4003 2884 4089 agitata

265 4112 336 4167 est
372 4107 514 4173 inter
556 4129 653 4175 me
681 4115 744 4173 et
774 4110 1108 4175 Germanos
1136 4111 1449 4195 quosdam.
1496 4110 1668 4174 Meae
1701 4111 2038 4173 sententiae
2069 4107 2220 4174 haec
2253 4127 2490 4173 summa
2521 4112 2634 4172 est.
2664 4107 2886 4173 Priscis

267 4203 476 4286 Latinis,
504 4220 569 4276 ut
606 4231 791 4297 supra
821 4211 963 4287 dixi,
990 4212 1144 4276 baec
1172 4212 1372 4277 littera
1404 4219 1580 4277 acuto
1620 4211 1844 4292 angulo
1881 4209 2313 4292 effingebatur3
2348 4209 2634 4296 paulatim
2666 4209 2886 4276 deinde

265 4321 473 4379 ventum
516 4323 611 4381 est
653 4316 731 4380 ad
780 4315 1030 4390 sormam
1079 4317 1433 4401 quadratam
1480 4337 1590 4402 per
1625 4318 1922 4402 quosdam
1968 4314 2153 4381 veluti
2201 4316 2442 4398 gradus.
2488 4314 2635 4378 Tres
2679 4313 2886 4399 itaque

264 4419 467 4497 species
511 4427 650 4485 sunt
694 4418 877 4486 buius
922 4418 1164 4484 litterae
1211 4418 1286 4484 de
1325 4438 1578 4503 quarum
1611 4427 1808 4485 aetate
1846 4417 2177 4503 quaeritur.
2225 4418 2426 4482 Prima
2455 4417 2558 4482 illa
2589 4423 2699 4492 est,
2730 4436 2889 4502 quae

263 4526 415 4584 acuta
453 4522 704 4598 dicitur,
760 4520 935 4589 cuius
980 4521 1230 4587 inferior
1274 4520 1431 4587 linea
1477 4543 1592 4587 non
1640 4518 1933 4587 acclivior
1978 4527 2069 4587 est
2115 4522 2241 4585 sere
2289 4520 2480 4603 gradu
2522 4523 2629 4585 45¹⁶
2694 4517 2885 4599 [2⁹⁴⁸'';

263 4623 499 4690 secunda
542 4629 714 4691 cuius
751 4624 1060 4691 inclinatio
1105 4624 1345 4708 attingit
1388 4624 1599 4691 saltem
1647 4626 1903 4708 gradum
1948 4622 2070 4689 22'‘
2113 4628 2224 4706 {23
2273 4624 2470 4701 tertia,
2506 4642 2686 4707 quam
2725 4641 2881 4708 qua-
