3440 5114
2871 260 2932 317 17

1390 397 1679 509 PARS
1771 398 1886 502 ΙΙ.

864 648 867 649 ⁷
966 617 1199 684 QUAE
1269 618 1427 671 EST
1495 618 2309 675 onTqunAPfflCA.

1499 994 1671 1068 GAP.
1735 994 1783 1067 1.

1164 1165 1234 1209 ne
1267 1164 1688 1211 consonantium
1723 1163 2115 1218 capric-tione.

395 1296 668 1381 Exposui
714 1297 791 1364 de
836 1299 1170 1384 priscorum
1219 1300 1541 1365 latinorum
1588 1301 1959 1381 litteratura,
2005 1308 2192 1386 utque
2235 1300 2524 1376 arbitror,
2579 1284 2756 1381 satis3
2803 1320 2964 1366 nunc

311 1418 565 1464 necesse
612 1409 706 1466 est
751 1402 1080 1485 aggrediar
1123 1404 1198 1468 de
1246 1403 1678 1489 orthographia
1722 1405 1961 1483 dicere,
2015 1413 2078 1468 et
2131 1405 2325 1490 primo
2371 1404 2446 1467 de
2503 1404 2962 1469 consonantium
3023 1431 3030 1435 ·

308 1504 751 1584 geminatione3
785 1525 920 1570 nam
961 1526 1077 1570 non
1117 1506 1464 1589 geminandi
1502 1527 1631 1572 mos
1663 1506 1776 1572 l'uit
1818 1505 2360 1572 vetustissimorum
2408 1505 2783 1571 Latinorum.
2808 1505 2962 1571 Con-

308 1608 695 1672 suetudinem
753 1610 1087 1674 mutavisse
1147 1611 1336 1674 fertur
1394 1611 1626 1675 Ennius
1673 1617 1740 1674 ut
1785 1619 1923 1696 pote
1968 1630 2226 1695 graecus
2283 1629 2505 1693 graeco
2558 1611 2693 1674 eius
2747 1610 2964 1675 aetatis

310 1728 479 1773 more
523 1729 673 1776 usus
718 1711 965 1794 (Festus
1007 1734 1066 1798 p.
1114 1714 1299 1796 293);
1344 1714 1452 1777 sed
1500 1722 1706 1779 extant
1761 1714 2043 1799 exempla
2094 1715 2418 1778 anteriora.
2471 1713 2548 1777 Et
2591 1709 2965 1777 Bitscbelius

311 1813 562 1894 quidem
606 1813 1078 1898 geminationem
1125 1816 1519 1901 repetendam
1567 1816 1828 1882 affirmat
1872 1836 1908 1882 a
1939 1815 2014 1894 Q.
2051 1816 2226 1880 Ennii
2271 1817 2632 1881 auctoritate
2669 1823 2728 1879 et
2762 1834 2968 1879 exem-

312 1915 411 1999 plo
458 1915 549 2000 (in
599 1918 685 1981 tit.
732 1939 971 1984 mumm.
1018 1940 1076 2004 p.
1125 1918 1258 2002 lV);
1306 1927 1445 1984 ante
1494 1939 1629 1984 eum
1696 1940 1816 1984 non
1857 1939 2008 1984 -esse
2076 1921 2488 2001 geminatum,
2532 1937 2654 1984 uno
2718 1925 2825 1982 aut
2869 1918 2963 1981 al-

314 2024 442 2083 tero
487 2020 767 2105 exemplo
811 2028 1064 2106 excepto
1113 2022 1197 2104 (in
1246 2023 1332 2085 tit.
1376 2022 1615 2086 aletrin.
1664 2042 1722 2108 p.
1772 2022 1854 2105 4).
1901 2022 1950 2084 A
1979 2021 2310 2086 Bitschelio
2340 2022 2519 2103 longe
2555 2039 2677 2085 non
2710 2020 2968 2085 discedit

313 2121 606 2188 Mullerus
657 2123 762 2206 (ad
807 2124 1052 2191 Festum
1096 2146 1156 2210 p.
1205 2131 1261 2197 6,
1308 2145 1364 2190 v.
1409 2127 1631 2211 anus),
1676 2127 1783 2211 qui
1828 2123 2171 2190 confirmari
2198 2125 2283 2190 ait
2310 2144 2348 2189 a
2382 2123 2574 2189 titulis
2609 2124 2968 2207 geminatio·

312 2244 450 2289 nem
496 2226 869 2311 liquidarum
916 2236 977 2293 et
1019 2228 1320 2292 sibilantis
1367 2236 1505 2314 post
1549 2228 1812 2293 medium
1859 2234 2093 2293 sextum
2141 2228 2454 2293 saeculum
2503 2227 2784 2312 usurpari
2829 2245 2966 2291 esse

310 2335 626 2414 coeptam,
684 2329 790 2394 sed
848 2331 933 2395 ita
979 2340 1041 2394 ut
1096 2331 1276 2396 etiam
1332 2331 1642 2417 simplices
1699 2350 1814 2416 pro
1871 2329 2193 2414 geminatis
2248 2332 2325 2396 ad
2383 2329 2702 2414 septimum
2772 2348 2967 2413 usque

309 2431 620 2497 saeculum
678 2434 938 2500 medium
985 2454 1102 2498 non
1149 2454 1286 2499 raro
1333 2440 1728 2519 ponerentur,
1771 2441 1839 2498 ut
1881 2434 1940 2498 in
1988 2434 2121 2516 lege
2176 2432 2437 2499 Servilia
2487 2435 2656 2496 adeso
2708 2431 2964 2495 ioum.

314 2533 612 2621 Exempla
653 2556 811 2621 quae
857 2536 1182 2604 Ritschelio
1237 2537 1718 2604 obversabantur
1765 2538 1962 2615 fuere,
2021 2543 2085 2603 ut
2137 2535 2434 2614 arbitror,
2501 2539 2825 2608 ΗΙΝΝΑΙ)
2889 2532 2966 2598 de

310 2659 434 2722 quo
476 2648 659 2704 antea
701 2640 1047 2715 dubitabat,
1095 2643 1185 2706 vel
1244 2640 1444 2725 potius
1499 2641 1663 2710 hand
1716 2640 1950 2705 sciebat
2001 2660 2076 2705 an
2133 2660 2251 2705 non
2307 2642 2457 2704 satis
2512 2637 2655 2704 fidei
2711 2637 2968 2703 baberet

310 2746 399 2824 (in
449 2742 538 2808 tit.
585 2764 832 2808 mumm.
879 2745 915 2810 l.
962 2747 1084 2827 c.),
1131 2751 1194 2808 et
1239 2745 1397 2809 forte*
1445 2751 1654 2818 sefssl
1714 2745 1775 2808 in
1822 2742 2174 2828 iscriptione
2223 2743 2352 2818 illa,
2398 2762 2582 2828 quam
2626 2740 2964 2808 mirabilem

306 2854 508 2923 vocat,
554 2866 663 2932 pro
713 2849 869 2911 Sibei
921 2849 1235 2933 scriptum.
1290 2847 1511 2912 Verum
1583 2847 1740 2912 banc
1808 2845 2263 2932 inscriptionem
2320 2846 2658 2910 litteratura
2714 2844 2966 2930 quidem

308 2949 521 3024 latina,
570 2951 679 3015 sed
725 2951 932 3033 lingua
994 2949 1243 3034 peligna
1302 2959 1656 3035 conceptam
1727 2950 1906 3014 hodie
1973 2948 2201 3014 scimus
2256 2956 2314 3024 et
2369 2949 2580 3013 merito
2646 2946 2970 3013 reiecimus

306 3071 344 3114 a
388 3071 649 3136 corpore
695 3055 1151 3136 inscriptionum
1198 3053 1537 3118 latinarum.
1586 3051 1796 3117 Restat
1852 3050 2042 3136 igitur
2097 3051 2201 3116 illa
2254 3071 2368 3116 vox
2430 3055 2755 3123 ΗΙΝΝΑΙ)
2805 3068 2962 3134 quae

303 3156 816 3219 consuetudinem
861 3154 1195 3222 Ennianam
1243 3155 1569 3233 antecedit,
1596 3174 1735 3219 cum
1768 3153 1978 3219 titulus
2009 3153 2244 3238 positus
2274 3156 2353 3219 sit
2385 3173 2441 3218 a.
2466 3173 2524 3217 u.
2552 3173 2606 3219 c.
2634 3156 2777 3217 540.
2804 3151 2965 3218 Huic

310 3266 615 3331 APPlOS
660 3260 863 3323 addidi
913 3279 1105 3342 nuper
1150 3261 1208 3322 in
1256 3259 1396 3322 diss,
1452 3259 1555 3322 Sui
1595 3260 1801 3322 canoni
1847 3260 2242 3331 Bitscheliani,
2298 3275 2549 3321 monens
2609 3275 2721 3321 non
2769 3275 2842 3319 ex
2886 3254 2965 3319 iis

307 3363 525 3448 Appiis
570 3381 727 3436 esse,
774 3363 878 3446 qui
925 3362 1175 3426 saeculo
1220 3360 1429 3446 quinto
1475 3382 1609 3425 eum
1659 3360 2073 3444 magistratum
2123 3367 2464 3444 gesserunt,
2513 3359 2672 3442 quod
2721 3361 2962 3441 incogi—

307 3473 512 3529 tanter
554 3465 989 3529 Mommsenius
1034 3466 1261 3536 statuit,
1308 3464 1415 3529 sed
1466 3484 1604 3528 eum
1653 3483 1790 3527 esse
1835 3463 2165 3528 arbitratus
2204 3462 2305 3548 qui
2343 3480 2561 3527 nomen
2594 3481 2768 3527 suum
2796 3461 2963 3527 l'astis

304 3568 638 3653 adscripsit
680 3587 734 3631 a.
782 3588 840 3631 u.
886 3587 937 3631 c.
985 3571 1134 3630 542:
1184 3588 1318 3631 nam
1366 3565 1616 3631 ulterius
1661 3565 1908 3630 differre
1958 3586 2074 3629 non
2123 3563 2370 3651 expedit
2414 3569 2660 3650 propter
2705 3565 2963 3630 nominis

307 3673 367 3734 in
418 3694 481 3735 os
527 3672 797 3736 sormam.
842 3670 973 3734 Hoc
1018 3668 1263 3735 saeculo
1308 3677 1480 3734 sexto
1527 3670 1725 3733 medio
1785 3666 2096 3754 antiquior
2151 3668 2295 3732 mibi
2344 3670 2437 3734 vel
2486 3687 2673 3754 prope
2719 3687 2829 3751 par
2874 3676 2965 3732 est

304 3773 533 3838 lamina
597 3793 794 3838 aenea
847 3773 1059 3837 falisca
1110 3773 1391 3857 utrinque
1446 3773 1708 3856 scripta,
1757 3769 1934 3835 cuius
1977 3790 2090 3854 ego
2137 3770 2530 3856 posteriorem
2597 3772 2959 3854 scripturam

302 3897 443 3940 cum
493 3895 684 3961 nuper
726 3875 1148 3961 explanassem
1197 3873 1455 3951 ostendi,
1486 3895 1618 3940 eam
1652 3881 1792 3938 ante
1820 3872 2086 3939 medium
2133 3874 2445 3940 saeculum
2491 3882 2730 3939 sextum
2775 3874 2962 3938 luisse

304 3985 650 4056 exaratam,
697 3977 993 4062 probabili
1051 3978 1283 4042 ratione
1329 3985 1494 4061 puto.
1540 3975 1827 4040 Anterior
1879 3978 2086 4062 itaque
2134 3977 2411 4041 versibus
2462 3976 2765 4041 Saturniis
2807 3973 2985 4041 con-⁶

302 4084 533 4168 scripta
577 4085 636 4148 in
685 4102 830 4146 voce
889 4087 1243 4154 svmmfils
1298 4083 1536 4145 tertium
1585 4080 1840 4165 praebet
1894 4079 2266 4164 exemplunm
2316 4100 2513 4165 neque
2558 4080 2769 4144 dubito
2812 4080 2963 4164 quin

301 4193 469 4250 recte
516 4184 613 4250 his
651 4185 790 4250 addi
831 4182 1023 4271 possit
1067 4184 1271 4258 titulus
1317 4181 1746 4269 praenestinus
1794 4188 2010 4257 ‘l’le
2042 4186 2352 4255 -anBtel
2386 4189 2597 4254 ·‘l’1R·
2625 4190 2695 4259 F,
2743 4183 2801 4246 in
2841 4202 2964 4267 quo

300 4289 505 4354 littera
548 4310 583 4348 r
628 4289 936 4372 geminata
992 4286 1228 4352 litterae
1281 4300 1319 4365 t«
1360 4294 1577 4352 acutae
1624 4285 1973 4352 consociata
2017 4291 2140 4364 est,
2195 4291 2379 4370 atque
2425 4290 2682 4350 aetatem
2727 4282 2961 4349 Ennia-

300 4411 441 4458 nam
497 4399 562 4457 ut
614 4388 992 4479 praenestini
1051 4391 1279 4454 similes
1344 4391 1622 4475 plerique
1668 4409 1877 4454 omnes
1945 4388 2269 4455 antecedit.
2315 4387 2550 4473 Incepit
2593 4385 2780 4471 igitur
2823 4408 2963 4455 esse

299 4496 401 4560 bic
445 4516 579 4561 mos
626 4503 766 4559 ante
813 4495 1094 4572 Ennium,
1135 4512 1340 4558 verum
1390 4491 1453 4556 in
1501 4492 2001 4558 consuetudinem
2049 4491 2270 4556 deinde
2308 4490 2461 4556 abiit
2491 4490 2594 4556 din
2626 4500 2764 4577 post
2785 4490 2962 4558 Ennii

293 4606 567 4667 mortem.
607 4597 778 4665 Hanc
812 4617 848 4662 a
881 4618 973 4661 me
1012 4597 1237 4663 dudum
1274 4597 1645 4683 propositam
1691 4596 2053 4660 sententiam
2101 4593 2476 4662 confirmavit
2511 4594 2739 4661 tabella
2764 4613 2964 4664 aenea
