3440 5114
533 258 633 339 'isa

509 405 648 466 463.
682 410 757 476 FR
810 402 872 467 in
917 409 1070 488 post.

845 502 1103 569 Bifrous.

769 678 771 681 ,
847 606 1117 684 Corona,
1167 610 1224 671 in
1257 607 1458 673 medio
1510 614 1558 678 Π
1612 608 1736 687 glo·

930 708 1107 797 butus
1156 708 1312 773 male
1341 727 1451 795 pro
1482 708 1736 773 circello

931 815 1224 880 hactenus
1270 819 1573 899 aceeptus.

1313 478 1326 495 ι
1414 421 1501 482 gr.
1553 408 1607 474 6,
1635 405 1736 465 85.

962 1044 1091 1091 Ani·
1128 1045 1280 1099 typis.

517 1234 650 1293 464.
680 1249 734 1293 a.
782 1234 1120 1304 ΛΝ·Α(Η..Ι
1153 1230 1213 1292 in
1239 1237 1392 1313 post.
1442 1247 1531 1309 gr.
1561 1231 1735 1301 5‚30.

847 1329 1042 1415 Caput
1085 1331 1430 1416 Aesculapii
1476 1328 1726 1395 laureat.
1777 1394 1783 1403 ,
1862 1372 1871 1383 .

846 1432 1070 1500 Baculo
1116 1452 1369 1519 serpens
1415 1434 1692 1498 intortus

686 1540 735 1597 b.
784 1541 1134 1611 [vv-Mlti
1168 1537 1224 1599 in
1251 1542 1405 1620 post.
1453 1554 1539 1618 gr.
1564 1536 1735 1614 4‚40.

848 1638 1044 1722 Caput
1088 1637 1245 1702 lovis
1292 1637 1650 1702 laureatum.

848 1742 1067 1827 Aquila
1110 1740 1344 1806 fulmini
1389 1740 1693 1825 insistens.

519 1853 654 1912 teo.
687 1854 761 1921 ΛΑ
794 1873 808 1889 ·
839 1851 1044 1920 ΑΕΙιΙ
1096 1843 1158 1908 in
1204 1850 1356 1929 post.
1447 1863 1535 1928 gr.
1559 1847 1733 1920 8,35.
1822 1892 1831 1913 .

848 1946 1045 2033 Caput
1091 1946 1253 2013 lovis
1297 1947 1649 2012 laureatum.

848 2050 1068 2137 Aquila
1113 2048 1344 2115 fulmini
1390 2049 1692 2113 insistens».

517 2160 656 2220 466.
688 2156 732 2238 Ρ
763 2152 870 2234 ·“Ε
899 2154 958 2218 in
989 2162 1144 2239 post.
1201 2172 1291 2236 gr.
1323 2159 1379 2228 6,
1407 2156 1507 2215 ⁴5:
1537 2171 1734 2236 asper.

509 2284 516 2287 ·
640 2307 648 2314 .
749 2252 764 2289 ’·
847 2255 1105 2333 Βὶῐτοιιε,

850 2357 1021 2443 Lupa
1063 2360 1334 2441 geminos
1380 2359 1630 2422 lactans,

542 2552 754 2601 mni
787 2555 849 2599 ln
882 2551 1060 2599 steni·
1097 2552 1212 2599 cusi
1250 2559 1425 2599 net-te
1454 2560 1711 2606 aucune-

573 2642 811 2692 »ωιτη
829 2642 1007 2684 notent
1027 2650 1255 2691 numm.
1271 2642 1391 2692 ςιΙι.
1410 2641 1521 2684 rere
1536 2644 1673 2684 octo.

776 2756 970 2805 Horum
1009 2755 1060 2805 in
1099 2770 1320 2805 numero
1353 2761 1477 2806 sunt

622 2843 682 2891 A.
711 2839 961 2905 Laetorii,
985 2841 1049 2906 Q.
1075 2839 1315 2891 Terentii
1343 2839 1637 2902 Culleonis,

507 2926 578 2976 M.
607 2925 755 2978 Pacci
792 2924 1073 2986 Macxumi,
1111 2925 1364 2976 Sisennae
1397 2924 1743 2994 proconsulis.

520 3082 1233 3155 467.Η15ΡΑΝΟΙΝΜ
1287 3082 1344 3143 in
1394 3081 1641 3164 postica.

776 3192 828 3255 Ν
880 3187 940 3248 in
987 3187 1206 3249 antica.

855 3288 1050 3372 Caput
1078 3288 1386 3351 Minervae
1413 3287 1738 3370 galeatum.

853 3389 1030 3453 Miles
1066 3390 1235 3455 hasta
1267 3390 1536 3476 proiecta
1562 3390 1621 3453 in
1647 3409 1745 3453 sa-

943 3494 1120 3557 liente
1137 3512 1314 3579 equo.
1338 3491 1663 3574 Pendetgr.
1684 3497 1740 3557 7.

787 3723 996 3770 nunni
1032 3723 1176 3769 sedis
1214 3727 1467 3770 incertae.

519 3913 657 3974 468.
681 3916 809 3984 ΛΑΡ
841 3909 903 3974 in
937 3917 1089 3995 post.
1183 3915 1486 3983 ςζΑξνΑ
1523 3906 1583 3973 ἰιι
1616 3915 1739 3975 ant.

855 4014 1052 4101 Caput
1095 4015 1248 4080 deae
1296 4015 1620 4099 galeatum.

854 4118 1193 4184 Centaurus
1241 4117 1520 4184 manibus
1557 4139 1744 4204 supra

935 4229 1117 4308 caput
1153 4223 1328 4286 elatis
1358 4241 1590 4287 ramum
1625 4222 1742 4286 sert

932 4344 1115 4390 eursu
1140 4344 1321 4390 ruens
1347 4326 1422 4390 ad
1447 4326 1739 4391 dextram.

764 4428 921 4493 Male
968 4431 1264 4513 expressit
1299 4429 1540 4503 Cohen,
1573 4428 1737 4492 Med.

849 4552 1013 4596 cons.
1054 4540 1089 4596 t.
1129 4532 1231 4610 Vl,
1275 4533 1463 4610 lunia,
1504 4538 1554 4596 4.
1603 4531 1737 4596 Vidi

848 4637 905 4701 iu
953 4655 1160 4700 museo
1211 4635 1683 4701 vindobonensi.

1935 405 2049 465 469
2099 413 2251 478 ΛΝ·
2281 404 2442 475 AV?
2488 404 2549 469 in
2598 415 2751 491 post.

2261 506 2501 573 Thorax
2544 509 2836 575 obversus
2874 507 3147 575 Herculis

2347 609 2584 675 barbati
2614 612 2846 677 clavam
2880 612 3146 689 serentiS,

2346 721 2407 776 et
2463 712 2523 777 in
2581 714 2834 780 humero
2897 713 3149 781 sinistro

2345 816 2601 902 spolium
2652 819 2861 883 leonis.

2263 916 2456 988 Homo
2492 921 2699 987 tunica
2733 920 2982 988 indutus
3012 942 3151 989 cur·

2343 1042 2481 1088 rens
2518 1024 2596 1091 ad
2631 1025 2863 1092 laevam
2906 1027 3150 1091 sinistra

2348 1133 2600 1192 extensa
2656 1127 2890 1213 aliquid
2946 1130 3148 1194 incer-
3250 1194 3255 1203 ,

2348 1236 2472 1292 tum
2519 1229 2721 1295 ferens
2766 1230 3015 1297 humero
3050 1232 3147 1295 in·

2345 1332 2654 1396 clinatum.

2180 1430 2330 1496 Vidi.

1933 1538 2222 1613 470.(Αι
2282 1536 2342 1600 in
2388 1546 2542 1622 post.

2265 1637 2462 1724 Caput
2485 1638 2708 1707 Bacchi
2736 1640 3023 1706 imberbis
3044 1641 3148 1705 he-

2349 1742 2494 1806 dera
2538 1743 2899 1807 redimitum.
3092 1828 3095 1833 Ι

2267 1843 2568 1911 Panthera
2642 1852 2873 1931 tyrsum
2952 1847 3150 1912 ferens

2345 1966 2512 2012 armo
2558 1950 2926 2015 inclinatum.

2184 2048 2314 2113 Vidi
2360 2052 2418 2113 in
2468 2070 2676 2117 museo
2733 2052 3045 2118 Parmensi
3091 2063 3151 2117 et

2262 2159 2477 2218 stanno
2546 2160 2838 2239 expressi.
2905 2154 3152 2239 Legitur

2263 2256 2490 2340 passim
2524 2262 2688 2328 (ΑΓΙ
2729 2260 2821 2323 vel
2854 2266 3009 2335 (ΑΙ,
3044 2260 3149 2323 sed

2263 2367 2354 2423 est
2399 2379 2855 2441 monogramma
2914 2360 3150 2427 littera-

2262 2482 2390 2525 rum
2445 2470 2564 2537 [ΑΡ
2606 2463 2696 2527 vel
2740 2472 2843 2535 (Al.
2894 2466 3147 2529 Momm-

2264 2568 2469 2630 senius
2521 2568 2579 2630 in
2627 2569 2860 2651 postica
2918 2568 3149 2634 leonem

2265 2668 2557 2733 describit
2599 2679 2911 2750 gerentem
2965 2672 3148 2737 bacu-

2266 2771 2386 2836 lum
2428 2774 2521 2836 vel
2561 2772 2859 2857 thyrsum:
2895 2775 3001 2838 sed
3033 2775 3146 2838 be-

2270 2877 2381 2937 stia
2439 2877 2496 2939 in
2558 2895 2797 2940 nummo
2850 2875 3154 2960 insculpta

2266 2998 2381 3042 non
2429 2986 2521 3042 est
2567 2979 2814 3055 iubata,
2873 2986 2933 3044 et
2975 2998 3151 3042 aures

2264 3081 2592 3164 pantherae
2628 3081 2831 3145 habet.
2882 3083 3149 3146 Similem

2267 3206 2569 3249 nummum
2597 3184 2765 3248 dedit
2789 3206 2981 3271 nuper
3002 3185 3149 3266 Reg.

2268 3289 2451 3352 Poole
2488 3291 2550 3373 (A
2588 3287 2921 3372 Catalogue
2954 3289 3019 3353 of
3051 3288 3151 3352 the

2267 3392 2467 3456 Greek
2513 3392 2697 3456 Coins
2725 3443 2736 3466 ,
2767 3414 2822 3477 p.
2858 3394 2971 3476 84)
3021 3412 3150 3455 cum

2269 3495 2597 3580 epigraphe
2633 3504 2703 3569 Ᾱῑ
2749 3495 2977 3560 Nomen
3019 3515 3151 3559 esse

2269 3599 2661 3681 magistratus
2677 3603 2843 3668 (ΑΝ
2859 3605 2935 3674 Π,
2956 3604 3055 3669 (Α
3071 3607 3150 3674 Ν»

2270 3708 2377 3772 ΤΑ
2459 3701 2697 3766 videtur
2785 3703 3152 3787 persuadere

2265 3803 2641 3888 comparatio
2706 3804 2925 3868 nummi
2987 3803 3151 3868 Mar-

2264 3908 2495 3972 ruvinis
2532 3908 2700 3971 male
2746 3907 3035 3981 attributi,
3075 3907 3148 3969 de

2264 4029 2383 4096 quo
2422 3995 2590 4076 'infra
2634 4033 2690 4076 n.
2737 4015 2877 4085 472,
2923 4013 2984 4075 in
3031 4030 3150 4093 quo

2266 4115 2430 4179 clare
2466 4115 2831 4200 insculptum
2880 4120 2922 4185 C
2954 4141 2967 4157 ·
3004 4119 3149 4187 RVB

2266 4218 2360 4283 vel
2412 4225 2592 4292 RVB.

1935 4325 2071 4388 47⁴.
2102 4333 2186 4398 ΛΛ
2239 4328 2473 4394 ΡΟνΙὶΙ
2523 4320 2587 4386 in
2634 4330 2751 4387 ant.

2267 4424 2463 4510 Caput
2507 4426 2659 4490 deae
2704 4425 3025 4509 galeatum.

2265 4529 2473 4614 Scylla
2518 4548 2694 4594 versa
2741 4529 2819 4594 ad
2865 4533 3118 4596 laevam.

2182 4629 2331 4697 Vidi.
2405 4632 2482 4697 Μ.
2554 4633 2768 4699 Furius
2841 4633 3154 4722 Crassipes
