3440 5114
419 377 621 444 Huius
667 379 931 444 laminae
980 385 1205 461 partem
1250 375 1549 461 posticam
1595 376 1740 442 dedi
1786 375 2056 442 in‘Actis
2102 377 2326 441 Societ.
2365 376 2686 460 Antiquar.
2727 377 2980 439 Londin.

335 490 394 546 et
428 481 615 547 habes
658 480 942 547 inferius:
979 482 1135 545 hanc
1171 481 1534 563 antiquioris
1570 479 1790 545 aetatis
1821 478 1922 544 hic
1951 477 2209 565 primum
2240 480 2377 544 edo.
2426 479 2674 543 Constat
2702 477 2978 543 versibus

334 584 625 651 saturniis
669 605 776 649 sex
821 585 927 668 qui
974 604 1046 647 ex
1094 585 1271 667 longo
1317 584 1580 648 carmine
1626 592 1948 667 superant,
1996 582 2220 648 lamina
2265 584 2655 647 transversim
2694 590 2879 654 secta,
2914 592 2980 646 ut

338 686 672 752 breviorem
736 686 973 752 titulum
1033 706 1070 750 a
1125 695 1297 767 tergo
1343 685 1666 769 reciperet.
1737 686 1857 750 Sed
1903 684 1965 749 hi
2005 677 2228 750 'versus
2273 706 2428 769 pene
2476 684 2695 770 integri
2742 686 2817 750 ad
2868 705 2976 748 nos

336 796 778 873 pervenerunt,
843 790 1054 875 paucis
1115 796 1341 853 tantum
1404 788 1621 853 litteris
1680 789 1965 862 amissis,
2013 808 2171 871 quae
2217 787 2432 864 facile,
2487 795 2677 872 put0,
2727 794 2983 870 possunt

317 890 625 976 suppleri.
697 892 1003 957 Laminam
1065 893 1255 976 ipsam
1314 890 1566 976 accepi,
1621 899 1685 954 ut
1732 893 1976 955 inventa
2020 898 2151 965 est,
2200 890 2495 962 fractam,
2542 898 2604 955 et
2648 889 2984 971 fragmenta

312 995 664 1078 composui.
710 993 777 1057 In
825 996 1163 1059 litteratura
1208 1003 1270 1058 et
1311 992 1744 1079 orthographia
1788 993 2100 1059 saeculum
2138 1001 2374 1058 sextum
2413 991 2547 1057 sine
2577 991 2766 1058 dubio
2798 1011 2982 1074 agno-

334 1116 508 1173 sceS,
572 1100 610 1160 d
653 1098 1018 1182 paragogico
1063 1093 1362 1161 sermonis
1407 1093 1756 1161 vetustioris
1802 1103 2089 1180 excepto.
2138 1097 2303 1181 quod
2349 1103 2548 1161 tamen
2595 1101 2809 1161 auctor
2855 1114 2986 1162 car-

336 1198 516 1264 minis
559 1198 869 1264 revocavit
917 1220 1031 1264 non
1080 1200 1250 1263 metri
1298 1218 1515 1275 causa,
1569 1198 1675 1263 sed
1723 1219 1797 1262 ex
1847 1200 2103 1281 ingenio.
2150 1197 2477 1280 Singulare
2522 1206 2618 1263 est
2664 1196 2844 1269 etiam
2888 1195 2984 1261 lit-

336 1311 498 1365 terae
542 1323 578 1380 9
625 1323 771 1367 usus
818 1302 950 1367 loco
996 1301 1236 1366 alieno:
1285 1300 1497 1365 scribit
1541 1300 1700 1365 enim
1747 1300 2149 1383 Gonlegium,
2193 1301 2483 1386 Volgani,
2531 1301 2981 1366 Gondecorant.

330 1405 419 1468 De
481 1405 848 1489 quolundam
911 1425 1028 1469 non
1084 1405 1296 1469 eadem
1356 1411 1453 1470 est
1509 1404 1705 1480 ratio,
1769 1405 1904 1469 eius
1960 1405 2116 1469 enim
2165 1403 2505 1489 scripturae
2551 1401 2871 1485 vestigium
2916 1402 2976 1466 in

334 1506 498 1570 Urbe
546 1508 796 1591 praebet
840 1508 1059 1571 lamina
1104 1507 1178 1570 de
1225 1506 1623 1572 bacanalihus
1672 1509 1729 1570 in
1778 1527 1926 1571 voce
1965 1507 2252 1591 oquoltod
2294 1527 2403 1591 pro
2441 1507 2706 1571 occulto.
2753 1506 2844 1570 De
2884 1505 2982 1567 lit-

335 1616 466 1673 tera
511 1610 531 1669 i
576 1616 808 1674 retenta
853 1630 962 1693 pro
1006 1632 1036 1672 e
1081 1610 1138 1673 in
1189 1608 1510 1694 participio
1550 1611 1832 1696 Aciptum
1869 1617 2127 1673 veterem
2162 1610 2667 1675 consuetudinem
2700 1626 2983 1689 agnosce,

336 1732 460 1797 qua
492 1713 779 1778 dicebant
810 1711 1185 1797 consiptum,
1219 1713 1533 1798 dissipturn
1556 1758 1573 1790 ‚
1605 1713 1882 1777 distisuni
1905 1761 1921 1789 ,
1961 1711 2283 1797 pertisum,
2317 1712 2472 1775 Fest.
2505 1732 2556 1775 S.
2590 1732 2683 1775 vv.
2714 1710 2982 1803 Macrob.

334 1817 581 1879 Saturn.
629 1815 746 1892 ΙΙΙ,
798 1819 855 1879 6.
901 1815 952 1878 Ν
998 1816 1259 1879 omissae
1305 1816 1607 1880 interdum
1655 1822 1791 1880 ante
1840 1816 2113 1879 dentales
2159 1824 2212 1893 t,
2260 1816 2329 1889 d,
2375 1823 2439 1879 ut
2485 1814 2544 1879 in
2592 1814 2844 1899 agedae,
2883 1833 2986 1877 ex-

342 1924 472 1982 tant
516 1918 824 2003 exempla,
872 1937 1030 2002 quae
1076 1918 1320 1999 collegit
1363 1918 1734 1982 ltitschelius
1783 1917 2030 2001 (Enarr.
2078 1918 2195 1981 tab.
2237 1939 2296 2003 p.
2338 1918 2486 2001 46),
2533 1938 2605 1983 ex
2653 1915 2831 1981 titulo
2877 1915 2987 1980 So-

339 2041 529 2094 rano,
574 2020 809 2085 lubetes
840 2068 856 2096 ‚
905 2041 977 2085 ex
1021 2022 1177 2084 stela
1220 2019 1607 2106 pisaurensi,
1655 2021 1910 2096 dedrot,
1958 2041 2031 2084 cx
2079 2020 2362 2085 columna
2417 2021 2721 2097 atestina,
2775 2017 2989 2083 Veice-

340 2123 517 2201 tinus,
550 2143 891 2208 quanquam
931 2122 993 2186 id
1029 2129 1242 2206 postea
1274 2125 1330 2186 in
1367 2122 1578 2209 Suppl.
1607 2122 1824 2189 Enarr.
1851 2123 1974 2189 tab.
2003 2144 2060 2208 p.
2091 2126 2211 2187 ⁴05
2244 2123 2607 2209 repudiavit,
2641 2122 2988 2205 obsequens

337 2227 752 2290 Mommsenio
823 2224 931 2289 His
989 2227 1142 2290 adde
1200 2231 1422 2311 cupat,
1480 2245 1590 2310 pro
1635 2225 1897 2301 cubant,
1950 2224 2010 2289 in
2057 2226 2278 2308 tegulis
2326 2224 2595 2302 falisciS,
2646 2224 2833 2290 Cetur
2876 2244 2985 2309 pro

338 2328 600 2406 Centur,
653 2327 711 2392 in
756 2329 979 2393 lamina
1021 2331 1339 2405 Antinate,
1390 2337 1450 2393 et
1492 2331 1738 2393 saeculo
1784 2330 1966 2395 etiam
2000 2330 2256 2415 septimo
2290 2327 2527 2394 lacieda
2554 2348 2665 2414 pro
2695 2327 2973 2392 facienda

339 2430 398 2494 in
459 2428 663 2516 lapide
722 2430 1150 2515 Narbonense,
1207 2433 1455 2517 Sequda
1513 2452 1623 2516 pro
1683 2433 1972 2497 Secunda
2017 2431 2077 2496 in
2128 2432 2331 2514 tegula
2376 2429 2645 2496 Cetonae
2692 2439 2978 2513 reperta,

305 2536 498 2620 quod
539 2540 630 2599 est
666 2532 954 2620 oppidum
993 2533 1054 2599 in
1092 2555 1240 2620 agro
1280 2536 1549 2602 Clusino.
1588 2536 1657 2600 ln
1698 2535 1941 2620 Ququei
1975 2557 2027 2600 v.
2063 2540 2098 2599 5
2131 2538 2355 2601 omissa
2391 2534 2628 2621 syllaba
2658 2543 2752 2600 est
2781 2554 2985 2600 errore

338 2636 575 2712 fabrili,
623 2635 890 2721 itemque
938 2640 996 2702 in
1044 2638 1529 2723 inperato·ribus
1565 2647 1854 2725 punctum
1893 2638 2298 2704 interiectum.
2348 2639 2664 2704 Sententia
2698 2636 2986 2704 carminis

338 2739 490 2805 haec
535 2759 671 2804 esse
717 2740 973 2804 videtur.
1036 2739 1377 2823 Collegium
1424 2741 1616 2812 illud,
1662 2739 1844 2806 cuius
1888 2761 2038 2826 prae
2083 2741 2313 2806 loribus
2359 2742 2586 2806 lamina
2630 2739 2811 2806 affixa
2854 2749 2984 2814 est,

334 2862 472 2908 esse
516 2843 907 2909 constitutum
954 2841 1219 2928 agitandi
1266 2842 1401 2909 aevi
1448 2864 1670 2921 causa,
1716 2843 2035 2929 opiparum
2084 2846 2163 2909 ad
2198 2846 2382 2910 w'tam
2415 2852 2476 2908 et
2507 2844 2640 2910 dies
2673 2845 2858 2908 festos
2887 2863 2989 2908 co-

337 2946 586 3021 lendos,
634 2945 817 3028 idque
863 2945 1025 3010 omni
1076 2944 1419 3012 urbanitate
1464 2953 1650 3031 atque
1696 2945 2008 3011 hilaritate
2048 2954 2109 3013 et
2144 2947 2424 3013 ludorum
2465 2954 2523 3010 et
2558 2944 2987 3020 conviviorum,

336 3045 666 3114 luminibus
711 3055 893 3133 atque
939 3046 1198 3114 artificio
1228 3047 1643 3114 flammarum.
1703 3049 2111 3134 Imperatores
2156 3052 2337 3115 etiam
2383 3069 2652 3116 summos
2695 3068 2761 3113 se
2806 3047 2990 3132 digne

335 3149 654 3235 accepisse
710 3159 894 3236 atque
952 3171 1186 3216 omnem
1234 3171 1478 3236 operam
1527 3152 1772 3217 dedisse
1818 3159 2140 3238 optantes,
2184 3160 2251 3218 ut
2295 3153 2352 3217 hi
2400 3152 2658 3218 libenter
2700 3152 2988 3218 adessent

337 3262 398 3319 et
452 3254 610 3319 bene
667 3275 734 3318 se
793 3256 1090 3319 iuvarent.
1162 3252 1331 3319 Haec
1378 3253 1590 3319 insunt
1635 3253 1935 3331 carmini,
1983 3256 2220 3341 reliqua
2262 3258 2520 3341 periere.
2587 3254 2845 3321 Versum
2890 3275 2988 3320 se-

334 3357 600 3423 cundum
645 3364 706 3421 et
750 3358 993 3422 tertium
1041 3358 1287 3442 paulum
1334 3357 1411 3421 ab
1459 3359 1630 3422 initio
1674 3359 1916 3441 scalpro
1965 3378 2118 3443 pene
2154 3358 2540 3424 obliteratum
2578 3377 2716 3422 esse
2754 3378 2985 3430 moneo,

334 3457 661 3545 sculptoris
705 3479 894 3544 opera
940 3461 1195 3525 tortasse
1221 3508 1240 3537 ‚
1296 3459 1402 3544 qui
1447 3467 1513 3525 ut
1558 3457 1799 3526 titulum
1848 3480 2129 3526 aversum
2178 3462 2482 3526 scriberet
2526 3461 2790 3526 terreum
2835 3462 2991 3526 scal-

336 3582 512 3647 prum
555 3561 746 3627 voluit
791 3582 1030 3627 acuere.
1101 3561 1266 3629 Socii
1319 3564 1724 3628 Romanorum
1772 3572 1914 3628 tunc
1961 3573 2139 3629 erant
2182 3563 2446 3640 Falisci,
2493 3564 2715 3648 quibus
2765 3563 2990 3630 licebat

338 3667 555 3729 milites
602 3666 845 3741 iubere,
893 3667 968 3729 iis
1015 3666 1418 3751 imperatores
1463 3666 1838 3752 praeficere,
1875 3667 2230 3752 bellumque
2262 3666 2391 3732 suis
2425 3664 2724 3751 auspiciis
2759 3686 2992 3748 gerere,

335 3768 686 3854 auxiliaque
742 3768 1036 3852 imperata
1094 3767 1321 3854 populo
1366 3788 1617 3834 romano
1666 3770 1904 3834 mittere
1951 3769 2149 3854 iisque
2195 3770 2413 3835 adesse
2458 3772 2507 3834 si
2554 3770 2712 3855 quod
2761 3769 2986 3836 bellum

336 3871 667 3951 ingrueret.
715 3869 834 3949 Qui
882 3871 1099 3935 summi
1148 3878 1323 3936 erant
1365 3872 1675 3937 sociorum
1715 3872 1901 3937 duces
1939 3892 1976 3937 a
2015 3873 2245 3937 Latinis
2282 3879 2595 3957 praetores
2632 3874 2989 3959 nuncupati,

338 3993 445 4037 eos
505 3972 723 4037 Falisci
786 3993 1154 4059 quamquam
1215 3993 1253 4037 a
1316 3974 1751 4052 Praetoribus,
1801 3983 1864 4039 ut
1905 3975 2261 4042 Latinorum
2309 3975 2535 4053 urbes,
2579 3977 2987 4058 regebantur,

338 4075 744 4161 Imperatores
790 4076 1130 4162 appellant,
1180 4097 1380 4151 more,
1428 4085 1610 4162 puto,
1657 4078 1736 4142 ab
1783 4077 1963 4144 Oscis
2010 4081 2325 4156 translato,
2360 4098 2607 4163 quoque
2640 4086 2702 4144 et
2728 4080 2985 4146 Romani

347 4178 688 4244 utebantur.
1060 4244 1069 4256 ,

428 4282 656 4347 Versus
694 4302 848 4365 quos
885 4284 1192 4348 saturnios
1229 4302 1366 4347 esse
1402 4281 1563 4362 dixi,
1601 4283 1919 4370 supplebis
1952 4285 2336 4370 scandesque
2369 4285 2458 4351 sic
2487 4305 2599 4371 per
2630 4287 2989 4350 anacrusin:

785 4461 1168 4570 conlegium
1216 4489 1376 4573 quod
1423 4495 1518 4555 est
1563 4494 1829 4575 aciptum
1875 4463 2056 4556 aetati
2105 4490 2379 4573 aged(ae)

893 4589 1226 4676 Oplparum
1270 4593 1387 4676 a(d)
1438 4592 1652 4657 veitam
1701 4592 2066 4677 quolundam
2115 4593 2422 4677 festosque
2470 4594 2598 4658 dies
