3440 5114
562 252 652 309 164

535 375 710 441 cuius
744 395 1079 461 eponymus
1116 374 1396 449 ThasiuS,
1436 372 1674 446 Θάσιος.
1713 374 2027 460 Lycurgus
2060 374 2174 438 erit
2203 392 2308 437 rex
2341 374 2441 437 ille
2475 372 2770 439 Thraciae
2805 370 3174 448 notissimus,

534 479 639 564 qui
683 477 910 542 Bacchi
953 479 1124 561 orgia
1169 480 1422 542 evertit:
1466 478 1521 541 is
1568 479 1755 561 igitur
1797 476 2156 542 tradebatur
2201 483 2264 542 et
2307 478 2365 540 in
2412 474 2672 541 insulam
2718 474 2983 539 Thasum
3024 473 3176 538 vites

534 584 848 647 excisurus
892 589 954 646 et
996 581 1169 663 orgia
1212 580 1523 652 deleturus
1568 581 1926 645 advenisse:
1976 581 2182 664 ibique
2228 579 2515 652 Thasios,
2564 598 2600 643 a
2630 599 2693 644 se
2725 576 3175 664 persequendo,

533 684 780 749 caedem
827 684 1000 768 pueri
1047 684 1340 749 Philonici
1386 684 1732 761 minitatuS,
1779 681 2172 748 exterruisse.
2220 683 2374 748 Nota
2420 682 2679 747 litteram
2711 704 2747 764 q
2780 681 2915 745 loco
2944 701 2975 742 c
3004 678 3178 744 adhi-

463 792 468 797 '
531 786 717 852 bitam
761 793 903 851 ante
949 808 981 849 o
1022 785 1086 851 in
1133 788 1478 859 LucorcoS,
1528 792 1592 850 nt
1633 783 1696 850 in
1747 786 2111 869 Maquolna,
2160 787 2269 849 nisi
2319 786 2482 871 quod
2530 785 2607 849 ibi
2655 784 2949 849 omittitur
2991 805 3061 855 ιι,
3106 776 3195 846 ut'

532 888 594 955 in
641 890 919 975 Proqilia.

537 1097 675 1156 54⁴.
727 1130 795 1143 -
845 1091 1091 1179 Speculi
1134 1093 1505 1178 praenestini
1551 1092 1870 1158 manubrio
1915 1092 2299 1176 insculptum.

747 1303 844 1380 SR
872 1304 920 1371 Ρ
1268 1298 1649 1366 Delineatum
1697 1298 1840 1364 dedi
1888 1298 1948 1362 in
1988 1299 2149 1363 Diss.
2197 1295 2295 1362 dei
2340 1297 2485 1364 Can.
2533 1295 2824 1363 Bitschel.
2862 1302 2981 1360 tav.
3017 1314 3074 1358 n.
3113 1294 3173 1356 7.

1190 1401 1343 1466 Nota
1401 1403 1651 1468 sormam
1702 1382 2075 1486 singularem
2133 1401 2331 1466 littera
2374 1423 2423 1466 r.
2486 1400 2601 1465 Ser
2642 1396 2901 1464 nominis
2944 1395 3173 1482 proprii

531 1502 786 1588 primam
847 1503 1140 1590 syllabam
1199 1512 1342 1589 puto
1401 1505 1763 1590 explendam
1820 1524 1927 1590 pro
1973 1504 2176 1626 lubitu.
2187 1505 2512 1583 -Servilia,
2560 1503 2814 1586 Sergia,
2859 1496 3172 1575 Sertoria‚

535 1607 804 1672 aliterve.

535 1815 676 1876 542.
725 1847 801 1863 -
848 1784 1105 1923 (iremma
1144 1811 1208 1876 in
1253 1830 1377 1897 qua
1420 1810 1687 1876 Achilles
1734 1829 1974 1876 ocream
2018 1811 2228 1899 induit.

746 2018 1015 2087 Mure}
1356 2012 1601 2078 Habeas
1661 2032 1771 2099 pro
1832 2013 2078 2079 nomine
2136 2013 2365 2093 latino,
2429 2022 2497 2079 ut
2549 2011 2692 2078 alibi
2740 2014 2889 2091 dixi.
2953 2013 3176 2079 Contra

1274 2116 1599 2181 Fabrettus
1646 2117 1706 2180 in
1754 2115 1977 2181 Lexico
2023 2136 2081 2201 p.
2127 2120 2206 2180 54
2264 2123 2570 2182 etruscum
2632 2136 2848 2182 nomen
2896 2135 3035 2182 esse
3079 2118 3172 2181 af-

534 2224 773 2295 firmat,
836 2221 931 2286 cui
975 2219 1380 2306 adstipulatur
1444 2217 1876 2284 Conestabilis.
1950 2217 2132 2303 Atqui
2182 2219 2455 2294 Etrusci,
2500 2240 2637 2285 cum
2683 2217 2978 2284 Achillem
3022 2220 3171 2284 scri-

534 2327 715 2400 bunt,
761 2331 797 2397 S
855 2322 1036 2389 finale
1080 2329 1430 2388 constanter
1474 2324 1788 2388 omittunt:
1838 2342 1950 2386 nec
1996 2323 2152 2386 enim
2202 2322 2478 2407 quaestio
2523 2329 2616 2387 est
2658 2329 2856 2387 utrum
2904 2322 3174 2387 scribant

534 2428 704 2494 Acile
733 2480 748 2505 ‚
793 2426 1022 2500 Acele,
1067 2427 1212 2491 Acie
1240 2478 1255 2503 ‚
1301 2427 1360 2490 in
1410 2446 1531 2511 quo
1577 2427 1802 2491 erravit
1847 2424 2296 2501 Conestabilis,
2341 2433 2563 2511 putans
2609 2446 2703 2490 me
2749 2445 2821 2491 ea
2866 2426 2941 2490 de
2986 2445 3169 2491 causa

536 2531 783 2598 latinum
830 2527 1091 2614 dixisse,
1137 2529 1296 2615 quod
1344 2531 1365 2591 i
1409 2547 1519 2615 pro
1564 2550 1595 2593 e
1635 2528 1946 2613 legeretur
1989 2528 2050 2592 in
2097 2529 2316 2594 Aciles.
2365 2530 2617 2595 Accedit
2650 2526 2792 2594 huic
2830 2527 2951 2594 alia
2986 2530 3165 2595 etiam

535 2635 687 2700 ratio
733 2634 882 2698 satis
927 2640 1124 2698 certa:
1173 2634 1428 2698 litteram
1479 2639 1573 2707 Α,
1620 2630 1824 2697 media
1869 2632 2028 2698 linea
2074 2633 2148 2696 ad
2196 2633 2400 2698 basem
2438 2631 2687 2719 oblique
2723 2633 3009 2711 demissa,
3046 2651 3175 2698 cer-

535 2747 661 2804 tum
708 2745 800 2803 est
844 2756 963 2803 non
1010 2756 1144 2802 esse
1194 2737 1585 2801 Etruscorum
1646 2737 1994 2819 propriam,
2055 2757 2167 2802 nec
2212 2735 2285 2800 ad
2332 2737 2724 2802 Etruscorum
2770 2736 3165 2801 litteraturam

532 2860 800 2927 unquam
846 2840 1242 2926 pertinuisse:
1292 2846 1328 2912 S
1373 2858 1520 2904 vero
1558 2840 2007 2966 retrogradum,
2039 2840 2200 2924 quod
2232 2840 2449 2904 Falisci
2484 2859 2740 2924 semper,
2774 2839 2966 2905 Latini
2996 2840 3169 2904 iden-

493 2995 498 3000 .
532 2943 716 3009 tidem
762 2941 1056 3007 scribunt.

538 3119 679 3180 543.
751 3152 834 3162 —
904 3114 968 3178 ln
1015 3134 1254 3197 gemma
1297 3114 1403 3180 ubi
1451 3116 1571 3179 duo
1617 3133 1929 3180 sacrorum
1989 3113 2249 3179 ministri
2309 3115 2509 3179 ierunt
2565 3113 2794 3180 ancilia
2837 3112 2955 3180 tria
3000 3122 3169 3178 vecte

828 3236 1149 3302 suspensa.

748 3369 1058 3444 Avt‘tvz
1396 3371 1581 3435 Dedit
1637 3370 1958 3436 Fabrettns
2017 3369 2078 3435 in
2140 3369 2361 3437 Lexico
2414 3390 2471 3455 p.
2520 3376 2599 3436 76
2646 3378 2706 3436 et
2751 3371 2874 3436 tab.
2921 3391 2980 3434 n.
3029 3373 3164 3435 ⁴⁴⁴.

803 3475 995 3546 ΛΚΕ
1313 3475 1586 3559 Appius,
1636 3482 1702 3539 ut
1746 3472 1944 3551 Vibis,
1992 3475 2065 3539 de
2111 3495 2230 3559 quo
2276 3494 2491 3559 supra,
2537 3475 2716 3538 etiam
2765 3473 3173 3559 praenominis

1314 3577 1449 3642 loco
1494 3576 1772 3643 habetur.
1819 3577 1998 3652 Alce,
2044 3577 2137 3642 vel
2186 3597 2399 3642 nomen
2447 3575 2717 3642 mulieris
2753 3584 2847 3642 est
2882 3597 3029 3642 casu
3060 3577 3166 3641 da-

532 3679 685 3755 tivo,
729 3678 824 3744 vel
870 3678 1190 3763 legendum
1238 3681 1442 3758 Alces,
1490 3701 1706 3767 nempe
1753 3681 1989 3757 AlciuS,
2035 3681 2273 3747 Aloeus,

1716 3876 1979 3923 hmine
2060 3859 2063 3862 ¹

537 4028 677 4089 544.
747 4061 827 4072 —
893 4025 1144 4089 Lamina
1203 4044 1381 4090 aerea
1438 4026 1629 4091 musei
1690 4027 2162 4092 vindobonensis
2221 4027 2453 4092 habens
2501 4036 2666 4111 parte
2711 4030 2943 4111 postica
2987 4035 3169 4113 caput

824 4126 1163 4192 arietinum.

694 4314 721 4349 ι
752 4285 973 4353 Ami
994 4285 1077 4352 llS
1806 4283 1872 4345 ln
1896 4283 2212 4348 Atiliorum
2247 4291 2423 4365 gente
2451 4283 2676 4348 saeculi
2702 4285 2852 4348 sexti
2880 4285 3003 4350 noti
3027 4294 3171 4350 sunt
3272 4357 3297 4382 x

744 4386 1129 4455 §Anamis
1154 4417 1167 4431 ·
1190 4389 1231 4453 C
1254 4416 1269 4432 ·
1292 4393 1380 4454 ΛΛ
1405 4417 1417 4430 ·
1444 4391 1481 4454 Ρ
1713 4385 1896 4450 Caius
1911 4385 2131 4450 Atilius
2157 4387 2425 4451 Saranus
2450 4387 2665 4451 consul
2691 4406 2745 4451 a.
2769 4390 2907 4452 538.
2927 4388 3168 4454 Marcus

1708 4488 1931 4554 Atilius
1968 4487 2240 4554 Saranus
2276 4496 2556 4556 monetae
2591 4490 2977 4575 praepositus
3006 4492 3173 4557 cirea

541 4608 592 4653 a.
642 4592 956 4654 boo-580.-
1001 4588 1155 4654 Item
1199 4589 1442 4655 Marcus
1487 4589 1706 4656 Atilius
1754 4591 2031 4657 Soranus·
2068 4600 2308 4677 praetor
2352 4611 2406 4656 a.
2456 4596 2594 4656 602.
