3440 5114
576 273 640 329 52

631 394 1031 460 Kircheriano
1078 404 1138 461 et
1184 397 1675 473 vindobonensi,
1730 398 1916 461 habet
1960 397 2140 461 etiam
2195 395 2308 461 los
2357 395 2705 460 Lovattius:
2770 403 2970 459 tamen
3020 414 3196 460 nemo

633 496 921 562 hactenus
969 502 1354 564 memoravit:
1401 501 1625 584 pendet
1671 521 1757 584 gr.
1805 503 1929 563 sere
1976 502 2205 565 decem.
2932 485 2941 493 ’

550 605 647 663 31.
702 607 932 674 ROMA
983 602 1039 665 in
1088 602 1320 687 postica
1366 603 1581 669 litteris
1629 606 1883 678 incusiS,
1931 604 2023 665 vel
2072 600 2444 675 extantibus,
2491 610 2550 667 et
2595 602 2798 666 littera
2849 608 2901 673 tr.

888 706 1086 789 Caput
1130 705 1468 771 laureatum
1514 706 1690 771 Iovis

884 807 1149 874 Victoria
1196 810 1487 895 trophaeo
1536 829 1822 874 coronam
1873 810 2143 895 imponit.

800 911 931 977 Hac
987 920 1184 978 aetate
1243 934 1425 978 cusus
1472 921 1565 978 est
1611 911 1962 977 victoriatus
2030 933 2310 977 nummus
2358 914 2628 998 pendens
2676 932 2763 994 gr.
2811 913 2953 995 gall.
2999 917 3055 989 3,
3083 917 3145 976 41
3188 934 3202 975 :

630 1014 851 1098 duplex
900 1017 1249 1081 victoriatus
1296 1018 1568 1103 pendens
1615 1037 1704 1098 gr.
1754 1022 1808 1091 6,
1835 1021 1956 1078 37;
2023 1017 2332 1100 exemplar
2377 1016 2671 1080 hactenus
2719 1015 2982 1081 unicum.
3048 1017 3202 1080 ltem

630 1119 1157 1184 semivicloriatus.
1207 1120 1441 1184 Deinde
1488 1119 1786 1183 victoriati
1837 1121 2061 1184 nummi
2110 1120 2346 1205 pondus
2385 1126 2478 1183 est
2513 1120 2923 1193 deminutum,
2960 1127 3021 1185 et
3050 1140 3202 1204 pen-

634 1221 777 1285 dere
823 1222 978 1285 solet
1024 1243 1110 1304 gr.
1160 1227 1341 1302 2,93.

554 1327 649 1388 ΒΞ.
696 1326 760 1405 α)
816 1331 1062 1398 ROMA
1107 1324 1166 1389 in
1215 1327 1485 1409 postica,
1535 1326 1626 1388 vel
1684 1333 1961 1403 ROMA,
2017 1332 2284 1399 ROMA,
2341 1327 2630 1402 ROMA,
2684 1332 2932 1399 ROMA
2979 1326 3204 1393 litteris

635 1428 811 1492 modo
856 1430 1082 1493 incusis
1128 1431 1305 1494 modo
1352 1429 1716 1495 extantibus,
1788 1428 1986 1494 Semel
2036 1427 2152 1492 vidi
2200 1427 2259 1492 in
2307 1429 2583 1494 sestertio
2629 1431 2920 1514 scriptum
2986 1436 3159 1501 RMA
3190 1482 3206 1507 ,

638 1530 864 1597 omissa
911 1530 1114 1598 littera
1159 1554 1209 1597 o.

891 1635 1085 1721 Caput
1127 1637 1279 1701 deae
1324 1636 1500 1719 galea
1544 1635 1802 1723 phrygia
1837 1643 2056 1700 tectum
2091 1636 2204 1699 alis
2234 1636 2557 1710 instructa,
2591 1636 2851 1701 habente
2883 1656 2989 1727 pro
3018 1636 3211 1701 crista

976 1749 1161 1824 caput
1203 1740 1454 1826 gryphi,
1503 1759 1659 1824 pone
1704 1748 1849 1805 nota
1893 1740 2151 1825 quinarii
2206 1748 2274 1811 ν.

893 1844 1175 1908 Castores
1223 1843 1394 1908 hasta
1439 1844 1708 1929 proiecta
1754 1842 1812 1907 in
1861 1844 2036 1929 equis
2082 1850 2398 1909 currentes
2444 1862 2633 1928 supra
2676 1844 2884 1927 capita
2925 1843 3165 1908 stellae.

810 1948 916 2010 His
964 1946 1122 2032 typis
1172 1947 1395 2011 Romae
1441 1966 1624 2010 cusus
1657 1948 1943 2012 denarius
1977 1967 2113 2011 cum
2149 1954 2290 2011 nota
2330 1955 2378 2018 Χ
2420 1947 2696 2032 pendens
2732 1967 2822 2030 gr.
2865 1951 3206 2022 4,05-28:

640 2049 955 2135 quinarius
987 2071 1121 2114 cum
1159 2057 1299 2113 nota
1331 2056 1377 2119 V
1409 2050 1681 2134 pendens
1714 2049 2058 2127 dimidium,
2091 2051 2413 2115 sextertius
2445 2069 2581 2114 cum
2615 2056 2757 2115 nota
2796 2055 2883 2122 tlS
2922 2051 3202 2135 pendens

642 2161 917 2238 quartam
967 2161 1232 2239 partem,
1279 2151 1464 2238 idque
1515 2172 1705 2237 usque
1753 2154 1830 2218 ad
1877 2173 2097 2217 annum
2147 2158 2289 2218 550.

730 2257 791 2339 b)
843 2256 973 2321 Hac
1009 2264 1206 2320 aetate
1240 2257 1354 2320 susi
1384 2257 1614 2320 Romae
1647 2257 1938 2321 decusses
1972 2259 2181 2322 uncias
2213 2258 2546 2342 pendentes
2588 2264 2731 2333 XL,
2768 2278 2901 2320 cum
2943 2263 3081 2319 nota
3122 2264 3214 2334 Χ,

644 2367 701 2423 et
745 2368 965 2425 tresses
1011 2380 1146 2424 cum
1194 2367 1337 2424 nota
1385 2367 1488 2437 tlt,
1535 2380 1791 2445 quorum
1843 2362 1969 2447 typi
2016 2369 2158 2425 sunt
2203 2367 2384 2446 caput
2419 2360 2570 2424 deae
2608 2360 2786 2443 galea
2820 2357 3082 2445 phrygia
3121 2367 3216 2423 te-

644 2470 836 2541 ctum,
883 2463 993 2526 alis
1039 2460 1312 2538 omissiS,
1357 2482 1495 2527 cum
1542 2464 1739 2547 capite
1785 2464 2026 2549 gryphi.
2074 2464 2259 2528 Prora
2305 2462 2490 2529 navis.

729 2571 789 2649 c)
840 2567 978 2631 Fusi
1027 2575 1166 2632 sunt
1211 2575 1268 2630 et
1313 2566 1604 2652 dupondii
1652 2588 1786 2632 cum
1835 2575 1978 2633 nota
2032 2576 2116 2645 lt;
2162 2569 2268 2632 sed
2316 2576 2499 2654 caput
2536 2569 2687 2633 deae
2720 2566 2892 2652 galea
2922 2566 3226 2632 corinthia

649 2673 912 2753 tegitur:
973 2670 1123 2736 salso
1184 2671 1344 2734 enim
1405 2669 1841 2735 Mommsenius
1888 2673 2134 2804 scripsit
2179 2679 2387 2756 typum
2435 2673 2742 2754 geminum
2790 2691 2928 2735 esse
2972 2669 3224 2737 decussi

649 2780 707 2836 et
752 2773 950 2837 tressi.

729 2878 795 2960 d)
846 2876 1073 2942 Eadem
1121 2878 1300 2942 etiam
1350 2879 1616 2942 cernitur
1661 2876 1840 2961 galea
1885 2884 2106 2942 tectum
2154 2878 2306 2943 deae
2352 2886 2532 2963 caput
2576 2878 2635 2942 in
2681 2878 2991 2962 dupondio
3036 2898 3222 2957 cus0,

651 2981 822 3044 cuius
881 2979 1222 3063 exemplum
1286 2979 1577 3045 hactenus
1637 2979 1880 3045 unicum
1943 2981 2167 3066 pendet
2211 3002 2295 3064 gr
2343 2982 2480 3064 gall.
2529 2986 2627 3058 39,
2651 2986 2813 3058 150,
2859 2980 3222 3065 reseresque

649 3084 724 3148 ad
771 3102 967 3147 assem
1013 3084 1336 3148 uncialem.

817 3185 950 3250 Vidi
1009 3188 1167 3272 apud
1228 3186 1655 3271 Depolettium.
1724 3187 2016 3253 Nummus
2061 3195 2153 3251 est
2199 3207 2498 3266 recusus,
2546 3188 2703 3273 quod
2751 3187 3225 3252 Mommsenium

652 3289 831 3374 fugit,
877 3291 936 3354 in
985 3289 1237 3355 semisse
1282 3291 1436 3354 assis
1484 3289 1809 3365 trientaliS,
1857 3290 2032 3355 cuius
2079 3297 2240 3355 certe
2289 3297 2583 3376 superant
2625 3292 2887 3373 vestigia
2920 3292 2979 3354 in
3017 3293 3230 3356 antica

651 3415 830 3480 prora
862 3391 1035 3457 navis
1065 3383 1123 3458 et
1153 3399 1328 3457 notae
1361 3398 1431 3470 S,
1461 3392 1732 3478 itemque
1768 3413 1983 3458 nomen
2036 3401 2304 3466 Roma:
2350 3395 2585 3475 insigne
2620 3392 2790 3457 navis
2822 3400 2916 3456 est
2945 3393 3223 3478 delphin.

822 3497 1013 3580 igitur
1056 3496 1134 3559 ab
1173 3515 1267 3559 an.
1312 3500 1429 3560 486
1468 3495 1542 3559 ad
1585 3501 1703 3559 550
1739 3498 1983 3561 circiter
2014 3495 2238 3561 nummi
2273 3498 2540 3578 argentei
2578 3516 2693 3559 non
2728 3497 3019 3559 deminuti
3053 3496 3230 3560 feriri

653 3602 850 3686 coepti
898 3619 1033 3664 cum
1082 3601 1340 3663 nummis
1386 3600 1583 3663 aereis
1648 3599 2014 3673 deminutiS,
2074 3606 2135 3661 et
2180 3600 2371 3682 primo
2419 3598 2662 3684 quidem
2709 3599 2787 3662 ab
2834 3618 2971 3663 asse
3017 3597 3229 3662 librali

651 3705 968 3769 transitum
1016 3710 1107 3766 est
1136 3702 1213 3765 ad
1245 3722 1440 3767 assem
1474 3702 1868 3777 semissalem,
1908 3702 2123 3766 deinde
2157 3702 2233 3768 ad
2267 3701 2600 3764 trientalem
2634 3710 2694 3766 et
2725 3700 3225 3785 quadrantalem,

652 3809 753 3892 qui
802 3808 963 3879 tusi,
1011 3826 1146 3870 cum
1197 3812 1393 3870 tamen
1441 3825 1649 3869 eorum
1699 3812 1903 3890 partes
1954 3806 2133 3868 etiam
2182 3805 2586 3881 cuderentur;
2635 3805 2852 3868 deinde
2900 3804 3230 3869 transitum

652 3920 745 3976 est
788 3911 861 3975 ad
910 3929 1105 3974 assem
1154 3909 1589 3974 sextantarium
1638 3914 1699 3971 et
1745 3906 2060 3981 moialem,
2108 3909 2210 3992 qui
2257 3907 2418 3972 feriri
2468 3915 2724 3992 coeptus
2770 3914 2864 3972 est
2909 3906 3043 3988 lege
3091 3907 3230 3971 lata

653 4035 748 4078 an.
784 4035 842 4078 u.
876 4015 1016 4088 537,
1063 4033 1182 4097 quo
1229 4032 1387 4076 anno
1436 4012 1636 4095 coepit
1681 4031 1893 4075 aurum
1943 4010 2115 4082 cudi,
2165 4018 2224 4074 et
2270 4012 2508 4093 pondus
2557 4009 2787 4092 argenti
2839 4009 3230 4094 aliquantum

655 4117 1025 4180 deminutum
1056 4104 1209 4191 ‘est;
1276 4134 1408 4178 nam
1456 4117 1648 4198 primo
1695 4134 1767 4177 ex
1814 4115 2046 4195 argenti
2095 4112 2250 4178 libra
2296 4115 2424 4177 cusi
2478 4120 2619 4179 sunt
2665 4113 2900 4177 denarii
2946 4111 3228 4188 LXXII,

654 4219 876 4283 deinde
944 4217 1190 4293 lxxx,
1253 4224 1564 4303 postremo
1628 4217 1794 4282 circa
1856 4237 2079 4282 annum
2146 4220 2264 4279 550
2328 4237 2401 4280 ex
2465 4218 2701 4298 argenti
2766 4215 2924 4280 libra
2980 4216 3232 4326 denarii

656 4319 945 4386 Lxxxtv
993 4321 1157 4386 feriri
1206 4322 1405 4406 coepti
1454 4327 1615 4385 sunt.

826 4425 909 4490 Ex
943 4444 1015 4489 ea
1046 4433 1245 4490 aetate
1279 4428 1460 4489 etiam
1496 4432 1672 4512 typus
1704 4425 1973 4511 posticae
2009 4431 2292 4498 mutatus,
2320 4430 2379 4486 et
2412 4424 2469 4486 in
2500 4421 2697 4487 locum
2728 4422 3048 4488 Castorum
3081 4423 3238 4507 biga

661 4532 888 4597 Dianae
932 4530 1264 4596 substituta
1308 4537 1430 4604 est,
1478 4529 1640 4595 unde
1687 4529 1918 4593 denarii
1968 4528 2114 4592 dicti
2163 4537 2306 4592 sunt
2353 4526 2557 4610 bigati.

564 4640 673 4700 33.
723 4635 989 4719 (2:215.)
1046 4632 1153 4715 ΚᾹ
1218 4634 1273 4698 in
1324 4633 1557 4718 postica
1603 4641 1663 4697 et
1713 4637 1959 4705 ROMA
2009 4631 2174 4696 circa
2218 4650 2440 4697 annum
2487 4635 2628 4693 525.
