3440 5114
2879 225 2974 281 14³

374 344 508 407 176.
560 343 809 430 (Suppl.
858 346 922 421 V,
973 346 1088 411 tab.
1136 345 1187 407 V
1232 346 1337 428 B).
1393 385 1468 393 -
1517 347 1770 412 Romam
1817 348 1894 413 ab
1940 346 2181 414 bomine
2226 349 2462 415 clusino
2508 350 2773 414 allatum.

1217 562 1574 630 ΛιεειΛρι
1613 561 2162 653 ·120⁶0cot‹0M
2216 628 2227 638 .

448 761 606 826 Puer
649 762 778 825 sine
822 760 1025 848 pinnis
1072 764 1280 828 volans
1326 763 1540 827 dextra
1582 764 1817 846 guttum
1864 771 2239 839 manantem,
2284 761 2531 828 sinistra
2561 764 2707 828 artis
2738 763 3007 828 medicae

364 861 492 927 sive
529 862 904 948 chirurgicae
940 866 1338 931 instrumenta
1372 866 1433 930 in
1472 866 1644 930 theca
1676 864 1946 950 reposita
1978 865 2118 943 fert,
2156 866 2293 929 inde
2324 865 2560 930 duabus
2595 864 2814 930 taeniis
2847 866 3005 932 nodo

362 967 708 1032 constrictis
751 968 1250 1052 dependentibus,

449 1068 689 1134 Erravit
721 1069 921 1154 pictor
954 1070 1015 1135 in
1057 1073 1413 1157 pococolom
1445 1071 1676 1158 syllaba
1714 1093 1779 1135 co
1815 1072 2050 1136 iterata.
2093 1070 2154 1135 ln
2188 1071 2586 1157 Ephemeride
2618 1071 3012 1157 epigraphica

367 1190 526 1257 quae
583 1170 854 1238 Berolini
913 1172 1112 1237 editur
1157 1175 1446 1239 fasciculo
1491 1173 1685 1260 primo
1732 1196 1790 1260 p.
1837 1182 1875 1240 8
1921 1173 2121 1260 poculi
2168 1175 2465 1259 picturam
2512 1173 2603 1237 sic
2647 1172 3011 1260 descriptam

365 1275 517 1357 tegi:
564 1295 717 1359 puer
761 1276 976 1341 volans
1022 1276 1081 1340 d.
1132 1277 1634 1362 praefericulum,
1682 1298 1730 1341 s.
1780 1287 2049 1362 pateram
2096 1283 2323 1341 tenens.
2369 1277 2613 1342 Guttum
2647 1277 2744 1342 bic
2774 1277 3011 1363 praese,-

362 1375 622 1443 riculum
670 1386 873 1456 vocat,
921 1379 1154 1444 thecam
1202 1387 1471 1465 pateram
1512 1388 1826 1465 nuncupat
1855 1398 2192 1464 perperam.
2240 1377 2399 1457 Quid
2434 1377 2513 1443 sit
2541 1377 3008 1464 praefericulum

367 1479 549 1545 docet
594 1500 666 1545 ex
711 1480 891 1546 Festo
942 1482 1164 1547 Paulus
1213 1484 1300 1567 (p.
1329 1481 1734 1565 248,1ttutt.)‚
1783 1502 1889 1548 vas
1937 1501 2151 1567 nempe
2198 1501 2452 1547 aeneum
2499 1482 2629 1547 sine
2675 1501 2853 1558 ansa,
2899 1501 3009 1569 pa-

370 1588 504 1648 tens
551 1604 884 1662 summum,
932 1586 1100 1650 velut
1131 1584 1358 1671 pelvis,
1405 1605 1526 1671 quo
1575 1587 1650 1650 ad
1697 1585 2000 1651 sacrificia
2036 1584 2361 1650 utebantur
2392 1592 2627 1651 veteres
2658 1585 2716 1650 in
2749 1586 3013 1652 sacrario

369 1685 522 1770 Opis
567 1686 870 1753 censivae.

375 1894 511 1954 477.
569 1898 636 1973 (r
672 1897 762 1961 tt.
813 1894 894 1957 xt
943 1902 1027 1975 aj.
1079 1935 1152 1941 ——
1207 1896 1432 1958 Romae
1479 1892 1620 1959 olim
1669 1896 1728 1957 in
1780 1912 1986 1958 museo
2034 1895 2398 1978 Campanae.

1279 2054 1616 2123 BEerl‘Al
1649 2080 1662 2092 ·
1695 2054 2125 2120 POCOerM.

455 2203 646 2286 Caput
691 2203 984 2267 muliebre
1032 2206 1088 2266 in
1139 2203 1368 2267 corolla
1405 2203 1606 2267 florea.

458 2305 786 2390 Descripsi.
837 2306 1039 2368 Belola
1092 2327 1202 2369 vox
1251 2315 1343 2370 est
1390 2305 1576 2371 latina
1608 2313 1666 2371 et
1695 2313 1900 2371 certae
1934 2305 2393 2388 significationis
2429 2307 2733 2390 utiturque
2770 2325 2844 2370 ea
2874 2324 3011 2371 sae-

369 2429 697 2495 penumero
745 2409 1010 2475 Plautus.
1085 2409 1355 2491 ignorari
1404 2417 1603 2475 autem
1653 2412 1800 2495 quid
1848 2409 1944 2474 bic
1990 2406 2331 2489 significet,
2380 2407 2501 2472 ait:
2559 2432 2587 2467 «
2634 2428 2766 2473 cum
2819 2428 3014 2495 neque

372 2511 520 2576 deae
568 2512 843 2577 videatur
888 2514 1245 2589 convenire,
1294 2534 1489 2597 neque
1532 2514 1680 2593 καλῇ
1716 2537 1745 2572 »
1778 2567 1789 2587 ,
1840 2521 2089 2596 propter
2126 2509 2354 2596 reliqua
2388 2511 2607 2597 pocula
2638 2513 2838 2575 omnia
2868 2511 3015 2577 deo-

368 2634 498 2678 rum
560 2616 934 2700 dearumque
999 2615 1240 2680 nomina
1288 2616 1625 2682 referentia.
1697 2617 1811 2679 l’ro
1858 2616 1973 2678 dea
2022 2615 2241 2678 Belona
2283 2613 2551 2679 Belolam
2592 2612 2849 2698 positum
2899 2635 3013 2681 non

373 2719 608 2783 dubitat
661 2719 1026 2784 Bitscbclius
1090 2720 1351 2804 (Suppl.
1406 2720 1470 2790 V,
1520 2742 1576 2804 p.
1626 2719 1710 2783 Xl
1742 2720 1779 2802 ).
1848 2719 2030 2803 Atqui
2079 2716 2221 2781 olim
2270 2724 2467 2781 tamen
2516 2737 2631 2780 non
2688 2717 2913 2782 Belona
2956 2727 3017 2782 at

370 2821 649 2886 Duelona
693 2820 875 2885 scribi
922 2821 1153 2895 debuit,
1189 2829 1471 2886 monente
1511 2822 1782 2886 Varrone
1818 2822 1892 2884 de
1927 2819 1968 2883 L
2002 2822 2058 2882 1,.
2086 2821 2119 2883 1·.
2150 2817 2258 2884 lV:
2295 2818 2540 2883 Bellona
2573 2839 2607 2882 a
2641 2818 2798 2884 bello
2834 2840 3008 2896 nunc,

375 2943 532 3008 quae
578 2924 877 2989 Duellona
924 2946 961 2989 a
1006 2926 1226 2988 duello.

382 3134 520 3194 478.
571 3131 644 3210 (τ
673 3135 766 3194 45.
813 3167 893 3178 —
940 3131 1027 3195 Ex
1076 3154 1220 3215 agro
1267 3134 1536 3199 hortano.

1340 3295 1613 3362 (OFRA
1646 3319 1660 3333 ·
1694 3292 2033 3360 ΡΟΕΟΙὈ

461 3441 777 3505 Lectiones
822 3461 978 3526 quac·
1028 3443 1298 3507 seruntur
1343 3443 1457 3508 hae
1506 3452 1662 3508 sunt.
1716 3446 1905 3508 Homo
1952 3441 2253 3507 hortensis
2302 3443 2401 3528 qui
2451 3445 2682 3529 primus
2726 3442 2875 3507 vidit
2916 3444 3020 3507 de-

369 3542 619 3628 scripsit
677 3550 966 3616 ΕΟΤΙὶΛ
999 3574 1011 3587 ·
1045 3551 1413 3618 POCOer-
1488 3547 1622 3610 Fuit
1680 3546 1903 3611 deinde
1964 3546 2242 3633 poculum
2290 3548 2449 3632 apud
2498 3545 2860 3620 Secchium,
2911 3547 3012 3629 qui

373 3649 519 3733 legit
563 3652 864 3719 (OFRAl
895 3680 910 3697 ·
945 3652 1288 3720 POCOer
1338 3658 1394 3714 et
1440 3650 1676 3716 Col'ram
1715 3671 1826 3735 pro
1863 3651 2069 3735 Cupra
2099 3647 2333 3714 habuit.
2367 3649 2509 3713 Post
2543 3649 2859 3714 Secchium
2893 3649 3012 3714 vidi

370 3747 486 3833 eg'o
542 3768 656 3815 non
709 3750 941 3815 litteras
989 3753 1098 3815 sed
1142 3752 1470 3817 litterarum
1521 3772 1661 3817 vere
1709 3754 1953 3817 umbras
2000 3754 2304 3834 fugientes
2353 3753 2545 3817 aciem
2594 3751 2907 3817 oculorum
2955 3750 3014 3818 in

372 3872 524 3918 zona
571 3852 735 3917 rubri
783 3852 1006 3924 coloris
1053 3854 1193 3918 olim
1242 3855 1381 3919 albo
1427 3854 1790 3941 inscriptas:
1840 3854 2047 3938 putavi
2092 3875 2234 3920 vero
2274 3854 2593 3936 legendum
2641 3861 2969 3928 <OERAE
2997 3886 3012 3901 ·

374 3959 702 4028 DOCVer
750 3956 1051 4037 (Metang.
1108 3956 1340 4022 d'Arc-h.
1390 3966 1450 4021 et
1493 3958 1863 4033 d'Histoire,
1913 3959 2006 4023 ed.
2053 3957 2271 4021 Martin
2320 3964 2379 4020 et
2424 3956 2677 4033 Cahier,
2728 3965 2866 4023 tom.
2918 3957 3010 4030 lv,

370 4079 428 4144 p.
476 4060 608 4142 at).
678 4060 903 4123 lterum
951 4068 1084 4143 post
1130 4061 1354 4145 aliquot
1404 4081 1593 4127 annos
1641 4082 1775 4126 cum
1828 4061 2109 4147 poculum
2167 4062 2537 4144 reperissem
2584 4070 2642 4125 et
2688 4063 3017 4127 litterarum

371 4159 629 4243 vestigia
675 4162 960 4226 secundis
1006 4162 1169 4226 curis
1216 4167 1689 4242 examinassem,
1724 4163 1871 4227 haee
1908 4165 2033 4226 visa
2066 4171 2206 4228 sunt
2237 4166 2438 4250 potius
2473 4183 2607 4228 esse
2641 4163 3014 4229 huiusmodi:

371 4269 643 4337 (OFRA
676 4293 689 4308 ·
722 4269 1086 4339 pocoto.
1138 4267 1316 4345 Quod
1365 4269 1578 4332 tertiae.
1629 4269 1864 4333 litterae
1910 4266 2218 4353 appictum
2268 4274 2361 4331 est
2406 4268 2644 4332 macula
2677 4268 2875 4351 potius
2904 4289 3017 4354 pu-

370 4368 554 4432 tanda
596 4375 690 4432 est
733 4389 912 4454 quam
961 4390 1099 4455 pars
1145 4371 1424 4435 elementi
1478 4380 1514 4441 Ι.
1564 4371 1741 4437 Coira
1782 4391 1925 4437 vcro
1973 4378 2068 4436 est
2113 4370 2287 4435 Cura.
2334 4369 2527 4436 Porro
2563 4380 2796 4436 veteres
2831 4374 3014 4437 animi

365 4470 621 4537 virt-ntes
669 4473 1104 4558 passionesque
1154 4474 1238 4537 uti
1287 4484 1344 4538 et
1389 4476 1552 4538 bona
1599 4496 1756 4560 quae
1803 4482 2088 4561 putantur
2134 4496 2206 4540 ac.
2254 4474 2416 4539 mala
2448 4477 2571 4539 aris
2606 4475 2886 4561 sanisque
2919 4494 3019 4542 co-

370 4577 626 4640 luerunt.
677 4577 832 4641 Nota
880 4575 1151 4642 finalium
1200 4579 1527 4644 litterarum
1576 4579 1911 4645 absentiam
1957 4579 2019 4643 in
2072 4579 2247 4647 Coira
2296 4587 2357 4644 et
2399 4579 2632 4665 pocolo.
