3440 5114
545 238 605 294 ¹6

417 381 423 389 ·
507 359 711 446 quitur
755 379 1042 436 vacuum,
1080 367 1140 425 et
1175 367 1464 447 punctum
1509 361 1779 455 additur,
1815 359 1877 424 id
1913 360 2183 446 proxime
2228 362 2582 449 appingitur
2616 362 2908 429 vocabulo
2946 362 3157 449 priori.

507 462 842 530 Rarissima
877 473 971 528 est
1006 462 1170 527 linea
1212 461 1415 528 iacens
1453 462 1609 528 inter
1646 473 1825 529 voces
1863 485 1968 549 pro
2005 464 2280 550 punctis;
2327 486 2403 531 ea
2438 466 2599 531 enim
2635 474 2867 532 veteres
2902 473 3160 541 utuntur

507 565 819 651 potissime
864 566 939 631 ad
974 585 1183 631 versus
1231 564 1695 649 distinguendos
1727 566 1779 631 si
1815 567 1967 632 forte
1998 568 2308 654 rhythmos
2341 590 2454 635 non
2489 568 2921 635 versiculorum
2954 570 3157 647 modo,

504 670 611 734 sed
644 678 708 735 ut
738 668 1085 736 continuam
1118 671 1448 735 orationem
1479 668 1771 735 scribunt.
1800 670 2025 736 Puncto
2051 671 2246 736 Latini
2283 671 2576 737 dirimunt
2605 671 2903 738 interdum
2937 692 3160 760 propo-

503 771 754 838 sitiones
779 771 841 837 in
868 770 1217 858 compositis
1239 780 1305 836 ut
1336 773 1679 849 ad·versus;
1716 772 2000 855 sub-legi;
2032 773 2393 854 oli-venerim
2427 772 2758 860 in·perato;
2790 774 3157 861 pro-posita3

505 876 596 940 vel
645 883 851 941 contra
897 874 999 940 ubi
1037 874 1584 961 interpungendum
1618 883 1740 947 est,
1774 875 2285 962 praepositionem
2319 898 2355 942 a
2385 878 2681 944 vocabulo
2711 887 3005 963 sequente
3036 900 3158 945 non

501 976 882 1062 disiungunt,
914 985 980 1042 ut
1006 982 1320 1055 interram,
1350 981 1631 1055 neminus,
1658 999 1879 1061 procos,
1913 982 2115 1043 duovir
2146 1001 2251 1063 pro
2286 980 2652 1044 duom-viram
2680 1012 2724 1036 --
2753 982 3154 1047 duum-virum.

506 1079 795 1147 Punctum
843 1080 975 1146 siue
1020 1101 1204 1147 causa
1249 1080 1670 1170 interpositum
1734 1080 2045 1163 erroribus
2091 1085 2424 1148 adnumera
2471 1090 2536 1148 ut
2577 1082 2639 1148 in
2686 1082 2915 1150 lamina
2958 1104 3158 1150 aenea

503 1182 716 1249 falisca
760 1182 1249 1272 inperatoribus,
1299 1184 1364 1248 ln
1406 1184 1526 1249 fine
1563 1205 1877 1261 versuum,
1917 1183 2035 1248 nisi
2077 1184 2464 1270 quae-siglae
2503 1194 2668 1259 sunt,
2706 1185 2992 1272 antiquus
3028 1209 3160 1253 mos

502 1287 619 1354 suit
662 1307 967 1373 nunquam
1002 1297 1291 1374 punctum
1323 1287 1567 1354 addere.
1616 1288 1684 1353 In
1716 1286 1834 1353 fine
1866 1286 2280 1373 inscriptionis
2310 1287 2545 1354 addidit
2576 1298 2866 1376 punctum
2901 1289 3160 1377 scriptor

501 1390 659 1457 tituli
709 1391 970 1478 Pompeo
1017 1392 1236 1475 Magno
1284 1390 1467 1457 dicati
1514 1412 1672 1458 anno
1717 1394 1862 1455 702.

582 1492 864 1579 Antiquis
909 1502 1037 1559 erat
1080 1493 1141 1558 in
1186 1515 1349 1560 more
1396 1494 1822 1561 vocabulorum
1866 1493 2096 1559 litteras
2142 1494 2203 1559 in
2252 1494 2368 1559 fine
2416 1516 2624 1561 versus
2668 1498 3050 1563 abundantes
3085 1497 3149 1563 in

496 1598 681 1664 alium
715 1617 951 1663 versum
986 1618 1100 1663 non
1129 1600 1488 1678 transferre;
1521 1597 1809 1684 quocirca
1841 1617 2054 1663 versus
2085 1596 2440 1683 inaequales
2472 1607 2741 1665 exarant.
2777 1598 3003 1666 Tamen
3036 1600 3150 1666 ali-

496 1708 644 1783 quot
667 1702 944 1786 exempla
970 1701 1276 1785 neglectae
1312 1701 1767 1767 consuetudinis
1801 1720 2216 1767 numeramus:
2249 1702 2398 1766 baec
2429 1709 2593 1766 sunt:
2635 1708 3055 1776 CORNELW
3084 1711 3150 1776 S,

503 1776 844 1909 Etsoeltn,
897 1783 1077 1908 PR'O
1108 1833 1122 1848 ·
1151 1811 1325 1879 (05,
1363 1790 1659 1901 ΟΒΑΟΙν
1699 1812 1759 1868 et
1796 1803 2037 1878 similia,
2078 1814 2143 1869 ut
2177 1803 2237 1869 in
2278 1802 2508 1868 recenti
2544 1824 2583 1869 a
2618 1824 2713 1869 me
2746 1802 2909 1870 edito
2944 1806 3147 1891 lapide

496 1904 631 1970 viae
660 1904 961 1971 ‘ostiensis
1009 1885 1285 2005 ΟἱΡνΙς,
1319 1909 1479 1991 quod
1519 1929 1631 1992 ego
1670 1915 1914 1991 propter
1958 1904 2279 1980 fabricam,
2314 1905 2412 1972 cui
2452 1905 2559 1972 illa
2602 1909 2879 1974 columna
2916 1908 3147 1974 inserta

493 2015 687 2082 esset,
733 2008 857 2073 sive
904 2008 1093 2074 sedile
1139 2030 1214 2074 ea
1258 2008 1468 2084 fuerit,
1517 2009 1647 2073 sive
1695 2009 1939 2094 quidvis
1985 2009 2181 2081 aliud,
2217 2010 2436 2075 sactum
2483 2030 2616 2074 esse
2661 2009 2809 2076 mibi
2850 2011 3150 2097 persuasi.

500 2109 609 2175 Ubi
654 2112 821 2178 locus
866 2110 1180 2178 continens
1228 2134 1343 2178 non
1383 2121 1513 2178 erat
1559 2135 1665 2179 nec
1713 2114 1992 2198 placebat
2037 2112 2398 2191 transferre,
2446 2111 2713 2199 reliquas
2759 2112 2992 2180 litteras
3038 2116 3151 2181 ad·

497 2214 724 2280 debant
765 2235 968 2304 supra,
1020 2216 1106 2279 vel
1154 2212 1312 2281 intra
1351 2236 1611 2285 versum.
1651 2223 1713 2279 et
1754 2215 2001 2301 saepius
2047 2213 2617 2290 circumducebant,
2660 2237 2842 2300 quam
2890 2238 3149 2283 consuc-

500 2315 766 2382 tudinem
815 2320 1146 2402 Augustum
1194 2340 1469 2384 servasse
1518 2318 1766 2385 tradidit
1808 2318 2152 2384 Svetonius.
2215 2317 2667 2384 circumductio
2725 2317 2855 2384 fieri
2914 2320 3151 2387 solebat

497 2418 660 2485 linea
704 2420 953 2506 obliqua
996 2430 1022 2491 t
1079 2423 1168 2485 vel
1218 2422 1487 2486 flexuosa
1535 2430 1567 2494 2
1615 2423 1690 2487 ad
1740 2422 1898 2487 latus
1943 2422 2256 2507 apposita,
2302 2441 2460 2506 quae
2508 2442 2938 2513 nonnunquam
2983 2421 3148 2488 infra

496 2543 847 2600 excurrens,
894 2525 1208 2610 complexu
1254 2546 1363 2590 suo
1408 2528 1760 2592 contineret.
1812 2525 2051 2591 Lineam
2098 2524 2446 2591 verticalem
2494 2523 2854 2591 crassiorem
2893 2532 2916 2589 Ι
2955 2546 3150 2616 nuper

498 2625 701 2692 monui
749 2629 1068 2710 separandi
1115 2649 1299 2692 causa
1334 2627 1604 2694 additam
1652 2627 1713 2691 in
1760 2630 2041 2694 columna
2075 2627 2210 2693 viae
2247 2625 2548 2702 ostiensiS,
2587 2636 2655 2694 ut
2691 2647 2926 2694 versum
2958 2630 3146 2695 lector

499 2750 614 2794 non
661 2729 1068 2806 continuaret,
1115 2732 1219 2795 sed
1266 2732 1342 2795 ad
1388 2731 1638 2797 alteram
1685 2735 1967 2816 paginam
2002 2730 2116 2795 sibi
2150 2750 2284 2794 esse
2315 2731 2745 2796 transeundum
2779 2740 3146 2796 moneretur.

497 2832 644 2896 Fere
692 2839 754 2897 ut
797 2834 901 2898 diu
950 2841 1084 2918 post
1127 2837 1382 2920 scriptor
1425 2835 1686 2899 laminae
1734 2854 1951 2899 aereae
1996 2832 2281 2918 Ligurum
2314 2832 2762 2898 Baebianorum
2794 2833 3142 2900 verticalem

498 2935 783 3020 apposuit
830 2935 1055 3002 lineam
1093 2938 1168 3002 ad
1223 2923 1553 3014 ΒΑΕΒΙΝ,
1596 2937 1825 3002 litteras
1858 2938 2240 3002 abundantes
2269 2935 2329 3001 in
2362 2935 2644 3020 sequenti
2682 2957 2858 3002 versu
2892 2959 3143 3002 monens

494 3057 629 3103 esse
672 3041 1073 3122 quaerendas.
1123 3041 1186 3104 ln
1235 3040 1494 3107 vasculis
1540 3039 2231 3107 sancaesarianensibus
2277 3047 2559 3105 notantur
2595 3039 2710 3104 hac
2740 3039 2896 3121 sigla
2933 3023 2949 3070 ¹
2997 3061 3144 3106 non-

497 3159 805 3225 nunquam
852 3162 1029 3208 voces
1075 3149 1136 3206 et
1179 3141 1415 3208 litterae
1461 3141 1877 3228 subscriptae,
1909 3143 2072 3225 quod
2104 3140 2365 3206 omissae
2398 3149 2631 3215 essent,
2666 3148 2732 3206 ut
2762 3142 2838 3207 ad
2872 3140 3138 3208 medium

497 3262 738 3308 versum
785 3244 1159 3331 superiorem
1207 3254 1584 3311 revocentur.

578 3344 727 3410 Cum
774 3348 891 3410 duo
934 3348 1027 3413 vel
1078 3349 1279 3432 plures
1311 3347 1372 3412 in
1412 3346 1764 3431 magistratu
1813 3348 2090 3429 collegae
2128 3355 2331 3411 esseut
2375 3345 2746 3424 nominandi,
2780 3367 2855 3411 nc
2890 3345 3136 3412 lotidem

498 3448 727 3512 vicibus
773 3469 978 3514 eorum
1026 3450 1288 3536 dignitas
1332 3458 1742 3535 repeteretur,
1791 3458 1938 3536 quot
1966 3458 2137 3515 eraut
2171 3448 2444 3528 nomina,
2476 3452 2823 3535 angulatam
2857 3464 2890 3528 >
2926 3450 3139 3515 dextra

494 3549 586 3616 vel
634 3549 884 3617 sinistra
931 3567 1000 3630 <,
1055 3561 1161 3618 aut
1205 3545 1531 3619 flexuosam
1580 3553 1800 3618 lineam
1848 3551 2316 3637 insculpserunt,
2366 3554 2403 3631 ε
2446 3573 2604 3637 quae
2650 3552 2803 3616 fines
2852 3572 3135 3618 versuum

497 3651 915 3731 concluderet,
963 3665 1257 3741 extraque
1304 3655 1622 3741 dignitatis
1672 3676 1887 3721 nomen
1926 3663 2257 3739 posuerunt
2284 3654 2345 3719 in
2381 3654 2578 3720 medio
2599 3656 2687 3720 ad
2710 3653 2981 3739 singulos
3012 3675 3140 3721 ma-

496 3755 777 3840 gistratus
822 3759 1203 3825 referendum
