3440 5114
2792 220 2891 278 229

270 335 689 424 pluribusque.
740 340 964 405 Pontes
1010 359 1218 408 omues
1248 391 1262 416 ‚
1306 341 1391 405 ait
1437 339 1728 425 Popillius
1760 392 1774 415 ‚
1818 341 2128 406 milliarios
2184 340 2658 427 tabellariosque
2716 347 2912 429 posui.

268 441 626 521 Quaesitum
672 451 767 509 est
809 463 966 530 quae
1013 451 1174 509 esset
1220 442 1400 508 buius
1444 443 1561 508 loci
1617 446 1942 510 sententia.
2001 444 2074 508 Et
2139 442 2400 510 Orellius
2466 444 2711 530 quidem
2779 456 2916 532 post

273 544 620 624 Gruterum,
666 567 1035 634 quamquam
1073 546 1494 627 subdubitanS‚
1528 547 1782 614 affirmat
1816 555 2037 625 tamen,
2076 548 2187 614 hos
2216 567 2354 613 esse
2383 555 2599 633 pontes
2631 569 2665 612 e
2695 548 2918 616 tabulis

271 649 401 713 sive
445 650 758 716 asseribus
803 659 1068 717 structos
1114 651 1275 716 mille
1322 652 1541 738 pedum
1602 651 1999 735 longitudine.
2062 651 2459 717 Mommsenio
2524 652 2672 719 haec
2735 653 2919 719 verba

272 752 562 817 miliarios
591 753 1044 841 tabulariosque
1067 755 1335 841 poseivei
1363 756 1494 819 visa
1517 762 1657 820 sunt
1686 775 1833 834 rem,
1868 774 2082 822 novam
2110 763 2274 830 tunc,
2305 755 2574 819 indicare
2610 764 2671 821 et
2705 776 2916 822 recens

274 862 607 941 repertam,
658 878 872 944 nempe
919 859 1171 923 formam
1218 858 1486 943 lapidum
1521 857 1908 923 miliariorum
1940 859 2399 924 columnariam:
2436 878 2570 923 nam
2605 858 2919 925 tabellaria

278 957 387 1022 l'uit
431 961 859 1028 vetustissima.
906 961 1350 1045 columnisque,
1399 964 1498 1037 ait,
1546 960 1926 1044 quibuslibet
1968 962 2286 1052 antiquior.
2334 965 2409 1026 At
2452 980 2610 1046 quae
2656 962 2730 1027 de
2763 984 2918 1027 novo

280 1063 523 1127 invento
564 1066 793 1131 formae
839 1065 1251 1131 columnariae
1297 1064 1445 1129 dicit
1487 1065 1760 1131 Momms.
1793 1067 2010 1131 evertit
2039 1064 2146 1130 illa
2176 1086 2358 1150 quam
2393 1084 2585 1151 nuper
2614 1066 2919 1152 publicavi

277 1164 563 1231 columna
606 1167 682 1232 ab
729 1166 1029 1233 aedilibus
1072 1167 1268 1254 plebis
1316 1169 1373 1232 in
1421 1168 1517 1231 via
1560 1170 1807 1232 ostiensi
1855 1169 2069 1253 posita.
2103 1170 2341 1247 Verum,
2377 1167 2610 1252 absque
2641 1167 2701 1232 id
2740 1177 2919 1245 esset,

276 1270 601 1351 quomodo,
638 1271 688 1333 si
721 1271 913 1336 forma
943 1270 1258 1336 tabellaria
1293 1270 1407 1335 suit
1436 1271 1849 1337 vetustissima
1881 1280 1940 1335 et
1968 1273 2169 1345 unica,
2201 1270 2396 1358 potuit
2425 1271 2714 1356 Popillius
2744 1275 2918 1337 simul

280 1373 355 1436 de
399 1391 474 1437 ea
502 1372 860 1457 praedicare
894 1375 1059 1459 quod
1088 1376 1163 1438 de
1197 1373 1571 1439 columnaria
1605 1381 1748 1438 tunc
1779 1394 1993 1439 recens
2031 1379 2320 1460 reperta?
2358 1378 2446 1439 An
2481 1375 2626 1460 qnia
2663 1383 2920 1460 utraque

281 1477 455 1539 simul
501 1496 647 1542 usus
692 1483 826 1541 est?
869 1497 1013 1560 ergo
1058 1476 1112 1540 is
1160 1496 1314 1541 nova
1358 1476 1468 1542 bac
1506 1477 1912 1543 commodiore
1946 1485 2188 1563 reperta
2219 1487 2480 1542 veterem
2516 1499 2628 1542 non
2656 1478 2923 1542 dimisit‘?

278 1586 596 1664 utramque
640 1599 835 1665 aeque
879 1599 945 1645 se
991 1580 1282 1662 gloriatur
1327 1579 1726 1645 adhibuisse?
1774 1579 1899 1646 Hoc
1947 1600 2145 1666 neque
2208 1580 2667 1645 Mommsenium
2726 1583 2921 1666 ipsum

282 1681 434 1745 velle
477 1680 772 1747 existimo.
822 1681 1100 1769 Denique
1147 1703 1253 1748 cur
1298 1702 1414 1747 non
1463 1684 1663 1768 potius
1711 1683 1998 1768 Popillius
2046 1684 2288 1768 scripsit.
2333 1685 2644 1749 columnas
2701 1693 2761 1749 et
2824 1694 2919 1749 ta-

282 1784 519 1850 bellas?
568 1806 704 1851 nam
755 1786 1014 1851 milliarii
1060 1807 1275 1852 nomen
1322 1807 1432 1852 cur
1476 1785 1887 1851 columnariae
1949 1788 2176 1852 formae
2249 1786 2532 1865 dederit,
2595 1807 2822 1873 easque
2889 1809 2926 1853 a

283 1887 604 1953 tabellaria
644 1889 759 1954 hac
806 1889 1037 1955 ratione
1083 1887 1443 1966 distinxerit,
1489 1911 1625 1954 cum
1673 1890 1918 1974 utrique
1966 1897 2108 1975 apte
2155 1889 2495 1968 conveniat,
2542 1899 2604 1955 ut
2649 1890 2926 1957 milliaria

281 1991 400 2054 sint
443 1991 764 2058 columnae
809 2000 872 2057 et
914 1992 1170 2058 tabellae
1197 2039 1214 2071 ‚
1261 2012 1381 2058 non
1437 1991 1861 2075 intellegimus.
1910 1993 2233 2059 Praeterea
2279 2012 2489 2070 voces,
2539 1992 2922 2070 tabellari-us,

283 2092 619 2172 milliarius,
650 2094 763 2160 hoc
794 2115 975 2160 sensu
1009 2095 1191 2159 latine
1224 2115 1553 2180 numquam
1586 2103 1726 2159 sunt
1760 2103 2103 2181 usurpatae.
2138 2094 2377 2175 Quibus
2415 2096 2490 2159 de
2521 2094 2722 2162 causis
2747 2096 2924 2162 aliam

283 2196 607 2262 ineundam
651 2216 785 2263 esse
832 2198 1126 2265 rationem
1170 2204 1337 2284 puto,
1384 2219 1504 2284 qua
1549 2197 1806 2284 milliarii
1855 2206 2070 2283 pontes
2118 2207 2177 2263 et
2223 2198 2513 2263 tabellarii
2553 2206 2788 2264 constet
2823 2204 2927 2285 qui

284 2301 420 2364 sint.
465 2300 593 2384 Ego
640 2304 797 2369 enim
842 2301 1103 2367 arbitror
1148 2301 1395 2367 latinum
1443 2309 1751 2367 auctorem
1802 2302 1953 2367 tituli
2001 2309 2216 2388 pontes
2262 2301 2370 2366 hos
2416 2301 2681 2368 voluisse
2728 2303 2927 2368 dicere

286 2406 595 2470 milliarios
643 2405 1112 2493 tabellariosque
1158 2426 1195 2470 a
1239 2402 1496 2489 Popillio
1543 2405 1773 2481 factos,
1822 2426 1937 2470 uon
1986 2413 2231 2491 propter
2277 2425 2407 2471 eam
2466 2425 2707 2472 causam
2735 2455 2751 2480 ,
2809 2427 2927 2492 qua
2996 2321 3151 2575 'N

285 2509 578 2576 Gruterus
624 2509 737 2575 sibi
782 2510 1085 2596 persuasit
1127 2518 1344 2596 pontes
1391 2509 1527 2575 olim
1578 2508 1815 2593 ligneos
1863 2511 1964 2594 qui
2013 2509 2192 2575 fossis
2259 2517 2320 2574 et
2383 2510 2524 2575 rivis
2582 2510 2933 2576 iniiciuntur

286 2615 343 2677 in
391 2612 502 2678 viis
547 2616 817 2679 extitisse
863 2611 1130 2700 publicis
1173 2612 1337 2678 mille
1384 2615 1602 2699 pedum
1651 2611 2070 2694 longitudine,
2116 2614 2216 2698 qui
2266 2632 2377 2677 nec
2447 2612 2746 2678 tabellarii
2809 2614 2927 2679 dici

285 2723 603 2802 propterea
649 2724 995 2802 potuerunt,
1040 2737 1158 2782 non
1205 2717 1365 2782 enim
1413 2714 1671 2793 tabellis,
1719 2723 1782 2780 at
1829 2715 2120 2788 trabibus,
2167 2716 2464 2791 subliciis,
2495 2716 2714 2781 tabulis
2745 2725 2928 2801 atque

286 2818 596 2886 asseribus
642 2821 897 2885 fuissent
940 2819 1322 2897 constructi,
1370 2819 1476 2885 sed
1526 2821 1671 2905 quia
1715 2818 1981 2884 millibus
2049 2838 2336 2904 passuum
2385 2818 2925 2885 numerandis‘co-

288 2925 539 2996 lumnas‚
586 2925 946 2990 stationibus
992 2923 1534 3009 mansionibusque
1579 2922 1920 2987 indicandis
1954 2921 2231 2998 tabellas,
2262 2943 2382 3008 quo
2420 2942 2496 2988 ex
2525 2943 2749 3005 genere
2778 2923 2928 2989 baec

290 3027 527 3113 pollana
566 3048 704 3094 esse
748 3029 1054 3094 censenda
1098 3036 1232 3103 est,
1279 3027 1527 3112 posuit,
1570 3033 1630 3090 et
1674 3027 1818 3112 quia
1863 3032 2077 3113 pout-es
2107 3078 2121 3101 ,
2183 3046 2398 3111 nempe
2464 3027 2807 3110 crepidines
2871 3035 2932 3092 et

288 3132 633 3215 margine5‚
679 3133 977 3198 columnis
1024 3139 1085 3196 et
1128 3131 1360 3198 tabellis
1406 3130 1821 3196 sustentandis
1868 3128 2161 3210 subiecit;
2211 3149 2284 3193 ea
2327 3131 2401 3195 de
2463 3149 2652 3195 causa
2716 3138 2931 3216 pontes

288 3255 353 3300 se
399 3235 639 3311 fecisse,
686 3242 850 3302 recte
898 3236 1209 3301 milliarios
1255 3233 1726 3319 tabellariosque
1775 3236 1830 3297 iu
1881 3254 1953 3297 ca
2001 3236 2094 3298 via
2140 3253 2382 3299 narrare
2430 3234 2686 3298 videtur.

374 3334 436 3401 V.
487 3348 521 3403 9
569 3340 762 3423 magis
806 3339 926 3421 legi
975 3344 1383 3412 ΡΙὶΑΕΙΤΟΙὶ
1433 3358 1613 3421 quam
1667 3341 2049 3408 PRAETOR
2099 3344 2353 3402 testatur
2401 3336 2803 3402 Ritschelius:
2852 3340 2928 3400 ad

287 3443 683 3508 dubitandum
728 3463 909 3528 quam
958 3444 1031 3507 ad
1081 3440 1488 3511 credendum,
1540 3441 1829 3527 inspectis
1876 3441 2109 3525 ectypis
2171 3441 2545 3514 chartaceis,
2605 3440 2931 3526 proclivior

291 3557 381 3611 est
425 3546 874 3612 Mommsenius.

290 3752 429 3811 905.
483 3747 738 3830 (2552).
788 3784 860 3793 —-
906 3744 967 3810 ln
1015 3764 1169 3830 pago
1215 3744 1270 3807 S.
1324 3745 1552 3826 Angelo
1598 3744 1656 3807 in
1706 3742 1935 3809 Formis
1983 3743 2112 3827 agri
2160 3746 2439 3829 capuani.

789 3900 940 3952 Circa
976 3898 1295 3951 columnam.
2117 3900 2176 3947 ln
2216 3898 2424 3950 vertice.

539 4002 1158 4077 (.seMl'¹Rouius
1209 4001 1261 4066 ti
1307 3999 1339 4065 s
1381 4020 1551 4087 grac
2077 4000 2435 4149 ΓἎ

538 4115 654 4178 ΑΡ
706 4111 1196 4182 suavem<
1256 4111 1553 4179 Ρ-Ροισ
2071 4150 2077 4193 ,,
2119 4089 2205 4165 *⁴*
2309 4085 2353 4121 Χ
2435 4100 2460 4239 j

542 4219 592 4282 Ρ
631 4246 643 4259 ·
676 4215 1052 4282 LlClNlVS·
1097 4215 1187 4280 Π·
1231 4214 1268 4279 Ρ
1304 4244 1315 4256 ·
1349 4213 1549 4279 (ΚΑς
2071 4207 2075 4218 “
2143 4263 2207 4325 Q
2288 4226 2403 4320 *Α
2435 4246 2453 4309 f

767 4317 1325 4386 ΙΙΙ·νΙΙὶ-Α·Ι·Α
2103 4314 2432 4404 ''k-,s

368 4484 678 4572 Descripsi
727 4485 975 4571 Neapoli
1021 4487 1079 4549 in
1128 4484 1335 4549 Museo
1382 4491 1441 4548 et
1486 4482 1695 4547 charta
1738 4480 2026 4566 expressi,
2075 4489 2448 4567 rogatusque·
2493 4484 2568 4547 ab
2619 4476 2930 4547 llenzenio

281 4589 595 4658 Ritschelii
641 4586 850 4672 gratia,
899 4589 971 4653 ad
1020 4607 1199 4674 quem
1246 4607 1279 4651 a
1320 4585 1671 4659 Minervinio
1706 4583 2044 4671 exemplum
2080 4587 2326 4649 missum
2363 4587 2607 4649 allatum
2642 4601 2757 4649 uon
2799 4586 2929 4663 fuit,
