3440 5114
560 228 625 284 82

873 346 1104 411 Noctua
1150 364 1315 408 ramo
1363 344 1664 406 insistens,

784 450 850 514 ln
898 419 1295 512 Kircheriano
1345 447 1567 532 pendet
1613 466 1697 527 gr.
1748 451 1931 509 9-12.

700 552 788 635 m)
837 553 913 630 ΧΕ
964 552 1021 614 in
1068 552 1320 634 postica.
1358 629 1361 632 ἦ

867 655 1062 738 Caput
1091 654 1407 717 adversum
1442 652 1588 716 solis
1617 651 1802 717 radiis
1837 652 2099 715 cinctum
2138 650 2395 714 clamide
2426 659 2799 738 ante.pectus
2832 652 3171 714 constricta.

867 758 1033 821 Luna
1077 774 1356 820 crescens
1401 757 1557 819 intra
1594 774 1772 839 quam
1821 762 2066 828 astrum,
2117 762 2254 817 nota
2300 755 2657 820 sescunciae
2706 760 2827 827 σε.

784 861 851 925 In
900 880 1104 925 museo
1154 858 1563 942 neapolitano,
1609 858 1828 943 pendet
1877 878 1960 939 gr.
2011 864 2066 931 6,
2093 863 2190 919 26.
2241 856 2550 922 Hactenus
2583 859 2807 925 omissa
2836 865 2931 921 est
2961 861 3172 924 unciae

613 972 769 1032 nota.
825 964 931 1027 Est
983 962 1133 1027 haec
1179 965 1379 1045 itaque
1425 963 1779 1035 sescuncia,
1843 979 2020 1045 quam
2071 960 2349 1025 Paestani
2398 962 2485 1025 sic
2533 968 2987 1047 repraesentant
3038 968 3171 1037 οξ,

614 1066 1057 1153 Hipponienses
1094 1085 1235 1128 vero
1274 1063 1517 1145 giobuto
1549 1069 1607 1127 et
1643 1063 1851 1127 tunnia
1905 1069 2030 1137 ιζ,
2081 1062 2362 1127 Venusini
2404 1071 2714 1149 assumpto
2751 1070 2786 1136 S
2826 1062 3166 1135 latinorum.

614 1170 788 1256 primi
834 1170 1102 1234 scribunt
1151 1175 1266 1243 os,
1316 1186 1527 1251 nempe
1577 1168 1754 1229 uncia
1799 1168 2011 1236 semis,
2060 1175 2123 1230 ut
2172 1166 2387 1229 deinde
2426 1167 2653 1231 Romae
2692 1168 2749 1230 in
2785 1174 3034 1250 argento
3066 1170 3164 1232 le-

617 1274 779 1359 gitur
829 1279 937 1344 15,
986 1271 1141 1335 idest
1184 1270 1339 1334 libra
1384 1267 1584 1335 semis.

700 1377 772 1458 n)
822 1377 914 1455 χξ
958 1377 1016 1438 in
1063 1374 1278 1438 antica.

866 1478 1062 1563 Caput
1102 1476 1377 1541 Herculis
1425 1477 1656 1540 barbati
1706 1479 1916 1541 laurea
1960 1478 2252 1551 cinctum,
2304 1498 2458 1560 pone
2505 1479 2697 1552 clava,
2748 1485 2887 1542 nota
2933 1476 3169 1545 unciae,

867 1582 1032 1645 Idem
1082 1588 1257 1665 typus
1304 1600 1374 1644 ac
1420 1580 1478 1643 in
1530 1570 1707 1644 uncia
1752 1579 2035 1665 superius
2084 1581 2407 1666 descripta.

785 1683 919 1748 Vidi
965 1686 1122 1772 apud
1171 1682 1458 1748 Sambon.
1506 1690 1564 1746 et
1609 1683 1910 1748 Lauriam.

709 1792 772 1870 o)
820 1789 905 1868 ΧΕ
946 1789 1006 1851 in
1052 1788 1308 1873 postica.

875 1890 1074 1975 Caput
1116 1891 1398 1956 Mercurii
1448 1899 1657 1975 petaso
1703 1900 1948 1956 tectum.
3170 1962 3187 1982 .

875 1994 1126 2059 Calceus
1187 1993 1380 2059 alatus
1437 1995 1719 2059 Mercurii
1780 2002 1840 2059 et
1898 1996 2241 2071 caduceuS‚
2305 1997 2547 2111 additur
2594 1998 2652 2061 in
2698 1999 2980 2084 exemplis
3037 2002 3178 2065 mihi

962 2097 1109 2161 visis
1155 2105 1296 2163 nota
1339 2104 1372 2169 S
1417 2096 1782 2162 semunciae.

793 2202 1060 2268 Habetur
1102 2202 1160 2266 in
1208 2201 1327 2265 tab.
1375 2202 1712 2265 Carelliana
1754 2201 2042 2279 xxc1x‚
2078 2209 2171 2266 ⁴2
2221 2226 2291 2269 ex
2340 2204 2603 2269 editione
2649 2157 2948 2271 Avellinii.

791 2305 928 2369 Vidi
973 2305 1134 2389 apud
1180 2302 1558 2370 Vincentium
1599 2304 1923 2369 Baronium
1975 2306 2412 2390 negotiatorem
2459 2316 2516 2372 et
2562 2309 2620 2370 in
2670 2329 2876 2373 museo
2922 2310 3177 2376 Santan-

626 2408 894 2492 geliano,
942 2414 1003 2471 ct
1046 2400 1259 2470 habeo
1289 2407 1448 2492 apud
1497 2428 1622 2483 me,
1668 2408 1893 2493 pendet
1938 2429 2023 2492 gr.
2071 2415 2126 2484 3,
2153 2414 2249 2473 50.

708 2511 778 2594 p)
822 2510 902 2590 χε
949 2508 1007 2574 in
1055 2510 1275 2575 antica.

875 2613 1104 2678 Noctua
1148 2632 1315 2676 ramo
1363 2613 1555 2677 olivae
1604 2615 1904 2680 insistens.

878 2717 1153 2780 Protome
1201 2717 1325 2800 apri
1374 2723 1433 2779 et
1479 2724 1618 2781 nota
1669 2733 1709 2803 ξ
1761 2719 2122 2784 semunciae.
2198 2729 2209 2748 ¹

796 2820 927 2883 Vidi
974 2822 1033 2883 in
1082 2840 1290 2884 musco
1349 2821 1836 2904 Santangetiano.
1904 2821 2096 2904 Igitur
2142 2823 2427 2887 Venusini
2479 2824 2700 2909 duplici
2749 2833 2889 2890 nota
2937 2829 3179 2912 signant

628 2923 1026 2990 semunciam:
1075 2923 1370 2988 adhibent
1413 2926 1566 2987 onim
1616 2931 1650 2996 S
1703 2926 1793 2988 vet
1846 2933 1903 2997 ζ.

712 3028 776 3110 q)
826 3031 915 3108 NE
958 3025 1020 3090 in
1067 3028 1287 3091 antica.

823 3193 832 3202 ,
878 3127 1074 3214 Caput
1119 3128 1290 3192 bovis
1338 3130 1676 3192 adversum.

879 3231 1074 3316 Caput
1117 3232 1373 3316 aquilae.

794 3332 992 3397 Edidit
1039 3332 1374 3406 FioreltiuS‚
1426 3336 1667 3398 Osserv.
1719 3355 1910 3408 num,
1961 3336 2079 3399 tab.
2130 3335 2173 3408 1,
2223 3357 2275 3398 n.
2328 3341 2382 3399 7.
2434 3338 2559 3402 Non
2611 3337 2752 3401 vidi.

712 3438 773 3519 r)
817 3438 898 3513 Ne
943 3435 1007 3499 in
1058 3439 1273 3501 antica.

883 3539 1179 3623 PaguruS.

884 3642 1067 3707 Rana.

798 3746 902 3809 Est
944 3747 1003 3810 in
1050 3744 1469 3811 Kircheriano.

1698 3969 1865 4042 CAP.
1921 3969 2036 4042 XI.
2126 4042 2133 4051 .

816 4164 1026 4209 nummi
1062 4164 1119 4208 iu
1155 4164 1473 4222 Salentinis5
1508 4164 1563 4209 in
1599 4163 1854 4220 tue-nis,
1892 4171 1944 4210 et
1980 4167 2132 4210 extr·
2170 4166 2379 4212 tentiam
2417 4177 2448 4210 ι
2486 4135 2742 4212 Ronmanis
2776 4168 2909 4214 eunt.

549 4357 648 4431 77.
696 4367 766 4449 (z
792 4365 1084 4446 27,509.)
1136 4366 1205 4448 a)
1262 4370 1470 4436 BRVN
1520 4364 1579 4428 in
1625 4366 1861 4449 postica
1907 4374 1965 4429 et
2011 4370 2068 4434 b.

889 4467 1148 4532 Victoria
1191 4488 1356 4532 ramo
1403 4467 1639 4553 palmae
1685 4468 2040 4533 lemniscum
2089 4469 2420 4555 imponens.

885 4571 1161 4657 Delphin.
