3440 5114
2799 266 2876 337 tr*

234 397 487 481 peianis,
519 397 700 462 huius
731 397 992 463 laminae
1017 416 1300 464 romanae
1330 397 1719 484 alphabetum
1754 397 1945 463 simile
1975 418 2127 483 pene
2163 401 2589 486 geminumque
2617 401 2889 466 invenies

235 499 556 585 alphabeto
602 501 765 586 quod
820 503 876 565 in
931 501 1433 587 inscriptionibus
1489 503 1661 565 annis
1715 499 1809 564 liis
1858 503 2014 575 770,
2061 504 2212 577 771,
2259 506 2408 576 772,
2455 506 2578 568 774
2626 506 2889 568 exaratis

235 603 288 665 in
336 622 409 667 eo
457 606 678 689 oppido
743 603 1181 689 deprehendas.
1239 604 1386 668 Cum
1448 605 1630 686 igitur
1675 604 1827 667 haec
1874 605 1959 667 ita
2003 614 2242 679 essent,
2296 622 2552 690 eumque
2600 605 2901 671 hactenus

233 706 734 790 inscriptionibus
765 707 1151 783 destituerer,
1184 726 1339 791 quae
1376 707 1552 770 tidem
1585 707 1782 772 facere
1819 716 2063 790 possent
2097 709 2171 770 de
2206 708 2579 774 litteraturae
2611 708 2891 774 cursivae

235 817 374 874 ante
421 811 731 876 saeculum
779 818 1138 893 augusteum
1189 818 1418 884 natura,
1466 812 1685 875 summi
1733 811 1939 893 procul
1987 809 2172 876 dubio
2220 812 2348 875 visa
2394 821 2533 877 sunt
2575 812 2719 875 mihi
2755 832 2892 877 esse

237 914 410 996 pretii
460 915 794 996 fragmenta
838 914 955 977 duo
1011 916 1351 998 scripturae
1412 913 1691 978 cursivae
1751 933 1871 976 non
1916 912 2000 976 ita
2048 914 2279 997 pridem
2337 916 2413 978 ad
2477 936 2570 978 me
2630 916 2813 980 allata
2857 936 2895 980 a

240 1013 331 1077 Fr.
359 1014 751 1080 Gamurrinio
786 1014 979 1080 musei
1011 1014 1234 1081 etrusci
1273 1014 1615 1079 Florentiae
1648 1016 1972 1099 praesecto
2008 1014 2258 1101 Reperit
2284 1019 2331 1080 is
2363 1019 2548 1099 igitur
2571 1017 2632 1081 in
2660 1018 2891 1085 aretino

234 1137 376 1201 agro
420 1119 544 1183 duo
590 1140 663 1183 ex
709 1119 921 1203 argilla
962 1118 1148 1183 rubra
1193 1118 1531 1201 fragmenta
1577 1124 1944 1201 paterarum,
1996 1119 2053 1180 in
2090 1118 2312 1201 quibus
2345 1122 2570 1205 scripta
2599 1123 2895 1205 quaedam

240 1222 420 1286 verba
452 1234 650 1299 erant,
682 1242 939 1308 quorum
970 1207 1529 1307 interpretationem
1563 1221 1639 1284 ab
1673 1221 1947 1284 instituto
1984 1221 2300 1286 borussico
2330 1223 2560 1287 Romae
2595 1223 2890 1289 insidente

235 1324 453 1390 frustra
499 1326 818 1410 flagitarat.
867 1326 1105 1411 Arripui
1155 1325 1390 1390 avidius
1436 1325 1700 1389 oblatam
1748 1325 2071 1399 fortunam,
2121 1326 2501 1390 inveniebam
2534 1329 2692 1391 enim
2726 1330 2887 1412 quod

235 1431 333 1494 diu
379 1430 823 1515 quaesiveram,
858 1430 1192 1514 scripturae
1238 1430 1514 1493 cursivae
1546 1427 1760 1492 aetatis
1793 1426 2019 1491 liberae
2053 1428 2423 1514 reipublicae
2471 1431 2545 1494 ad
2594 1438 2890 1517 quatuor-

231 1534 419 1597 decim
469 1532 702 1597 litteras
752 1535 808 1596 in
856 1533 1022 1599 brevi
1069 1531 1211 1595 licet
1254 1529 1602 1615 epigraphe.
1650 1530 1784 1594 Fuit
1819 1539 2015 1595 tamen
2055 1532 2381 1597 dolendum
2434 1534 2693 1599 maxime
2725 1535 2888 1620 quod

232 1637 464 1701 litterae
511 1639 573 1711 b,
605 1640 662 1710 d,
700 1659 736 1720 q
784 1658 897 1702 non
946 1636 1349 1709 occurrerint,
1397 1653 1550 1718 quas
1600 1654 1966 1718 magnopere
2006 1635 2450 1702 desiderabam.

314 1742 577 1804 Litterae
625 1742 810 1824 igitur
855 1742 1004 1819 istae
1052 1757 1210 1821 quae
1260 1743 1654 1801 numerantur
1698 1742 1842 1800 sunt
1888 1739 2200 1802 eiusmodi.

665 1882 2460 2068 st(“e=(thwolssffw

676 2120 1581 2182 aceltilm
1734 2128 2457 2197 πορνεία

308 2255 527 2320 Forma
560 2276 596 2318 a
626 2264 758 2322 orta
788 2276 923 2321 esse
959 2256 1192 2320 videtur
1222 2275 1293 2317 ex
1330 2261 1416 2331 Λς
1454 2251 1724 2338 reliquae
1756 2251 1905 2316 satis
1935 2261 2113 2318 notae
2143 2261 2283 2319 sunt
2309 2277 2380 2321 ex
2407 2256 2501 2320 his
2526 2277 2682 2344 quae
2709 2259 2890 2325 docui

238 2360 291 2420 in
320 2359 474 2424 libro
508 2359 615 2424 illo
649 2361 871 2440 Graffiti
901 2362 969 2421 de
1002 2360 1254 2440 Pompei,
1288 2356 1392 2420 ubi
1425 2354 1795 2420 differentias
1827 2357 2159 2421 litterarum
2194 2360 2684 2446 singularumque
2719 2369 2893 2426 natu-

234 2480 353 2525 ram
378 2460 587 2527 multis
613 2463 892 2528 indicavi.
933 2469 978 2532 L
1010 2460 1107 2525 bic
1136 2460 1425 2542 angulata
1452 2456 1781 2538 effingitur:
1810 2459 2099 2523 linearum
2126 2459 2377 2525 formam
2402 2462 2593 2528 babes
2618 2465 2676 2528 in
2705 2465 2890 2531 titulis

232 2565 561 2642 nonnullis,
600 2567 660 2629 in
693 2567 953 2631 vasculis
987 2565 1225 2631 duobus
1257 2562 1882 2627 sancaesariensibuS.
1918 2565 1963 2624 0
1993 2564 2150 2628 infra
2184 2564 2336 2634 hiat,
2371 2566 2477 2630 sed
2511 2586 2691 2652 quam
2720 2570 2893 2634 facile

232 2666 597 2751 distinguas,
622 2689 760 2734 cum
781 2670 969 2735 semel
995 2668 1319 2753 arripueris
1345 2664 1712 2748 singularem
1740 2666 1975 2742 litterae
2000 2688 2035 2731 a
2059 2668 2325 2753 liguram.
2356 2670 2545 2753 Leges
2571 2672 2756 2753 igitur
2776 2675 2890 2738 sic:

915 4040 952 4082 a
2289 4033 2320 4091 b

903 4144 968 4192 es
1169 4132 1251 4194 Pe
2365 4184 2377 4195 .

738 4281 749 4292 .
776 4281 787 4293 .
831 4251 923 4294 em
1211 4235 1254 4296 P
2237 4193 2380 4249 meu

687 4332 1018 4414 A)rchilavi
2237 4331 2371 4386 acet

662 4491 667 4496 .
694 4437 1028 4521 A)mpionis
2239 4421 2350 4543 pul*

688 4538 1032 4627 Ep)apraes
1200 4543 1255 4606 ls

689 4641 1036 4731 On)esum(i
1211 4646 1254 4710 C
