3440 5114
536 274 632 332 146

515 400 651 464 ⁴85.
687 397 756 481 (=
787 400 1000 483 ¹543).
1030 432 1110 444 ·——
1140 401 1225 466 Ex
1259 401 1470 467 Hatria
1498 404 1719 489 picena
1744 402 1804 467 in
1834 410 2038 468 ventre
2067 424 2247 469 urnae
2270 406 2472 470 fictilis
2499 405 2752 489 graphio
2775 405 3143 492 inscriptum.

1411 618 1530 681 ’Ἴ
1579 616 1787 682 ΟΒΙΙνΙ

1480 719 1777 784 Mitt-M
1814 719 2156 786 ·ΟΒ·1)Α

597 917 885 984 Circellos
931 939 1040 1003 pro
1087 920 1330 1004 punctis
1375 919 1856 1005 repraesentavit
1901 919 1952 984 is
1999 924 2100 1007 qui
2150 922 2543 987 Mommsenio
2592 921 2946 1007 descripsit:
3011 942 3146 986 cum

513 1042 658 1087 vero
721 1022 864 1087 mihi
920 1030 1229 1087 constaret
1272 1025 1546 1089 circellos
1593 1044 1899 1108 nunquam
1950 1034 2310 1109 punctorum
2361 1026 2495 1090 loco
2543 1027 2620 1091 ab
2666 1025 2931 1111 antiquis
2977 1025 3150 1091 adbi-

516 1124 671 1189 bitos
708 1125 1056 1191 Gabrielem
1096 1126 1511 1191 Cherubinum
1549 1146 1964 1214 possessorem
2003 1148 2193 1192 urnae
2234 1149 2342 1213 per
2372 1127 2603 1193 litteras
2636 1128 3001 1213 interrogavi
3036 1148 3161 1215 qua

517 1227 621 1293 illa
666 1234 890 1312 puncta
934 1236 1141 1294 essent
1187 1230 1411 1294 forma:
1458 1228 1564 1294 ille
1609 1250 1753 1295 vero
1800 1232 2114 1316 respondit
2157 1229 2217 1294 in
2265 1230 2417 1296 haec
2464 1233 2652 1296 verba
2694 1231 2913 1297 litteris
2942 1231 3153 1296 buma-

521 1329 823 1396 nissimis:
888 1360 909 1387 u
954 1330 1343 1397 L'iscrizione
1391 1353 1508 1397 non
1559 1339 1591 1397 e
1638 1332 1943 1417 publicata
1980 1342 2377 1398 esattamente
2416 1335 2509 1400 nel
2543 1334 2779 1421 Corpus
2813 1335 3157 1420 inscriptio·

522 1455 660 1499 num
723 1433 1069 1500 latinarum.
1137 1436 1200 1500 Si
1261 1443 1294 1500 e
1339 1438 1546 1500 voluto
1592 1435 1707 1500 dar
1753 1436 2273 1502 fantasticamente
2320 1438 2378 1502 la
2422 1438 2613 1503 forma
2658 1438 2714 1501 di
2763 1436 3077 1503 cerchietti
3124 1457 3161 1502 a

525 1536 662 1627 que’
696 1536 904 1621 segni,
950 1537 1062 1601 che
1110 1536 1544 1621 nell’originale
1590 1559 1707 1603 non
1756 1560 1904 1605 sono
1952 1539 2062 1604 che
2108 1540 2327 1625 piccoli
2374 1540 2930 1625 punti'inframessi
2969 1559 3003 1605 a
3036 1540 3160 1606 cia-

524 1662 715 1708 scuna
760 1641 972 1729 parola
1015 1667 1074 1706 ».
1121 1642 1192 1707 ln
1229 1641 1558 1729 epigraphe
1591 1641 1836 1707 nomina
1867 1650 2008 1707 sunt
2039 1626 2351 1707 imminuta
2383 1664 2489 1728 pro
2523 1642 2770 1710 arbitrio
2802 1644 3157 1731 supplenda.

523 1743 957 1813 Mommsenius
1003 1738 1182 1829 legit:
1231 1744 2103 1831 Q.ObiliuS.Melantuso.M
2132 1797 2143 1807 .
2174 1746 2414 1811 Obilius
2461 1747 2701 1811 Dasius,

1379 1973 1605 2022 Nomin-
1644 1973 1923 2020 utineam
1960 1975 2017 2019 tn
2054 1974 2302 2021 vasculis.
2358 2020 2361 2023 ,

531 2162 670 2226 686.
719 2159 792 2242 (--
821 2164 921 2238 51,
957 2160 984 2223 1
1019 2156 1067 2223 C
1090 2161 1178 2244 c).
1228 2195 1302 2210 —
1343 2160 1511 2225 Collo
1548 2159 1835 2225 Medusae
1869 2176 2097 2223 aeneae
2132 2160 2323 2223 musei
2358 2158 2740 2226 Kircheriani
2773 2157 3161 2243 insculptum,

825 2283 879 2326 v.
926 2263 1047 2327 tab.
1094 2263 1180 2339 11,
1226 2268 1282 2328 2.

1419 2444 1461 2544 ε’
1494 2476 2283 2543 ·0vi10·0vi=·1·u<†

618 2682 970 2767 Descripsi,
1018 2681 1312 2746 delineavi
1362 2681 1541 2744 etiam
1591 2688 1997 2765 ectypumque
2046 2679 2340 2762 impresso
2387 2684 2601 2741 stanno
2648 2676 2899 2741 confeci.
2965 2674 3165 2757 Saepe

533 2787 862 2854 meditatus
910 2786 1154 2849 formam
1204 2785 1538 2847 litterarum
1587 2784 1966 2868 apicumque,
2001 2800 2325 2864 nunquam,
2361 2777 2762 2853 fateor,·mihi
2794 2777 3167 2862 persuadere

538 2891 737 2976 potui,
784 2890 947 2974 quod
993 2888 1300 2952 contendit
1344 2888 1793 2951 Mommsenius.
1860 2885 1985 2948 Sub
2033 2884 2229 2946 littera
2277 2890 2317 2952 C
2367 2883 2601 2946 scilicet
2646 2880 2921 2945 vocabuli
2972 2885 3167 2951 ΙΙΙΙΕΤ

538 2993 800 3058 additam
851 2993 925 3055 ab
973 2975 1202 3055 artifice
1251 2990 1570 3072 virgulam,
1621 3009 1778 3072 quae
1828 2989 2101 3050 videatur
2145 3007 2279 3050 csse
2320 2994 2342 3055 Ἰ
2394 2985 2516 3048 fere
2566 2993 2628 3049 ut
2674 2991 2882 3068 postea
2918 3003 3026 3068 pro
3058 3003 3166 3046 nu-

538 3116 703 3161 mero
749 3102 817 3166 Vt
869 3094 1051 3157 scribi
1100 3093 1255 3158 solet
1300 3093 1368 3156 G.
1405 3090 1771 3155 ltitschetius
1821 3111 1963 3154 vero
2001 3091 2059 3153 in
2100 3091 2349 3154 eandem
2388 3086 2750 3152 sententiam
2786 3087 3056 3150 scribens
3086 3085 3170 3149 ait

543 3200 786 3283 (Enarr.
823 3197 942 3260 tab.
975 3219 1034 3282 p.
1068 3197 1140 3278 2)
1191 3197 1381 3261 vereri
1432 3216 1496 3258 se
1544 3215 1616 3259 ne
1665 3215 1779 3258 non
1829 3192 1903 3256 sit
1952 3199 2188 3268 ΙΙΙΙΕΤ,
2236 3192 2341 3255 sed
2392 3197 2624 3262 ΙΗΙΕΙΤ
2673 3189 3019 3270 legendum,
3076 3212 3102 3245 «
3156 3196 3167 3257 ι

537 3304 774 3368 litterae
820 3299 1055 3379 indice,
1105 3298 1219 3362 nisi
1270 3299 1474 3376 fallor,
1520 3298 1762 3362 hamulo
1810 3297 1944 3374 illo,
1991 3297 2047 3359 in
2082 3315 2260 3378 quem
2296 3301 2335 3364 <
2368 3295 2580 3360 subtus
2612 3290 2919 3356 desinit».
2951 3293 3024 3354 At
3054 3291 3166 3354 hae

542 3425 738 3490 nugae
788 3425 989 3469 merae
1034 3411 1189 3468 sunt.
1260 3402 1522 3465 Litterae
1571 3409 1612 3472 C
1661 3422 1770 3464 nec
1819 3401 2049 3481 virgula
2098 3419 2206 3462 nec
2253 3399 2529 3462 hamulus
2574 3396 2732 3461 ullus
2779 3396 3017 3458 additus
3062 3399 3170 3469 est,

543 3531 739 3595 neque
784 3508 897 3572 hac
942 3514 1137 3572 aetate
1186 3502 1407 3591 potuit,
1455 3527 1574 3590 qua
1617 3506 1807 3570 Latini
1856 3510 2374 3585 monogrammata
2421 3520 2724 3585 nunquam
2772 3497 3175 3562 adhibuerunt

546 3613 656 3678 nisi
702 3611 764 3676 in
813 3613 1097 3686 nummiS‚
1151 3631 1224 3674 ex
1271 3612 1448 3695 spatii
1494 3609 1755 3675 defectu.
1804 3606 2137 3670 Levissima
2168 3625 2324 3690 quae
2356 3605 2466 3668 sub
2500 3609 2543 3674 C
2581 3609 2721 3666 nota
2752 3608 3023 3687 apparet,
3055 3619 3173 3664 non

544 3716 816 3802 scalpro,
861 3722 928 3778 ut
972 3711 1218 3790 debuit,
1268 3732 1378 3777 nec
1426 3711 1686 3787 attejut
1734 3709 2040 3794 oportuit,
2088 3709 2349 3788 insidet,
2397 3725 2604 3771 verum
2650 3706 2749 3768 vix
2796 3702 3174 3787 superficiem

542 3820 794 3906 scalpit,
839 3819 1022 3901 idque
1059 3836 1204 3882 casu
1242 3817 1464 3880 factum
1504 3822 1619 3888 est,
1655 3834 1772 3878 non
1809 3833 1985 3877 manu
2019 3811 2289 3877 artificis.
2338 3808 2573 3874 Titulus
2605 3827 2762 3873 anno
2798 3811 2916 3870 436
2949 3805 3175 3871 liberae

544 3923 917 4008 reipublicae
964 3918 1258 4005 posterior
1303 3925 1422 3991 est,
1473 3938 1592 4002 quo
1640 3916 1829 3980 tribus
1879 3916 2203 3980 Oufentina
2250 3920 2342 3977 est
2386 3912 2674 3977 instituta.

551 4132 689 4194 487.
742 4129 938 4211 (352,
987 4126 1012 4189 1
1059 4124 1102 4188 B
1132 4125 1233 4208 b).
1276 4159 1359 4173 —-
1406 4126 1645 4188 Aeneae
1693 4121 2011 4186 icunculae
2060 4118 2252 4184 musei
2299 4117 2680 4182 Kircberiani
2726 4115 2908 4200 pallio
2955 4111 3179 4177 inscul-

843 4239 1039 4316 ptum:
1090 4249 1162 4294 ea
1205 4229 1264 4292 in
1313 4247 1454 4310 agro
1502 4225 1811 4291 orvietano
1859 4225 2116 4289 traditur
2160 4223 2422 4286 inventa.

1360 4390 1401 4453 C
1452 4383 1835 4454 ΡΟΜΡΟΝΙ
1888 4386 2101 4466 vat
2157 4383 2372 4450 0905

631 4541 939 4628 Descripsi
988 4542 1366 4627 tractavique
1411 4516 1565 4606 anno
1605 4542 1765 4603 ⁴847
1815 4539 1873 4602 in
1917 4529 2243 4602 Academia
2287 4531 2706 4599 herculanensi
2752 4525 3002 4614 Neapoli
3048 4545 3183 4591 cum

553 4667 795 4735 agerem
841 4647 915 4715 de
961 4647 1152 4713 titulis
1200 4644 1497 4712 artificum
1546 4644 1788 4710 nomina
1833 4640 2234 4706 referentibus
2271 4643 2329 4702 et
2359 4655 2567 4703 vocem
2605 4636 2773 4718 Opus.
2821 4629 3185 4695 Bitschelius
