3440 5114
2845 312 2946 370 643

267 430 512 495 formam
559 430 738 494 alicui
787 450 925 495 esse
971 430 1345 513 parissimam
1392 430 1600 495 virtuti
1645 436 1755 494 881

267 515 461 580 forum
510 517 819 600 aedesque
864 515 1143 600 publicas
1190 517 1389 581 facere
1437 520 1558 578 904
1669 526 1673 530 ’

268 598 506 682 fugitivi
552 599 900 666 Italicorum
946 603 1105 665 servi
1152 600 1535 685 conquaesiti
1581 620 1617 664 a
1664 598 1919 685 Popillio
1967 600 2311 684 redditique
2360 603 2619 667 dominis
2668 607 2788 666 904

267 683 446 748 funus
466 685 685 769 aliquis
714 684 857 748 fecit
876 685 992 749 sibi
1009 706 1074 749 se
1102 687 1235 749 vivo
1256 690 1435 759 1948,
1467 685 1642 750 sunus
1662 686 1916 769 populus
1943 693 2303 769 prosecutus
2322 694 2414 750 est
2443 709 2662 771 magno
2692 687 2831 752 fletu
2852 694 3016 752 2129

266 776 322 840 G
373 768 577 831 littera
620 791 658 833 a
704 770 970 851 Signinis
1017 792 1075 853 p.
1124 776 1158 833 3
1208 772 1435 834 formae
1496 767 1856 833 vetustiores
1919 778 2060 834 tres.
2109 771 2254 834 ibid.
2302 790 2335 834 a
2380 772 2636 839 Faliscis
2695 780 2751 844 G
2816 793 2923 857 pro
2971 780 3016 844 C

350 855 693 935 promiscue
741 855 1098 919 adhibitum.
1148 855 1294 918 ibid.
2225 876 2236 887 ·

268 936 482 1002 Gallus
526 937 699 1002 miles
746 941 803 1003 in
852 959 1092 1005 nummo
1138 940 1585 1004 Arimnensium
1633 943 1712 1000 67

268 1022 490 1103 gaudia
537 1023 797 1108 plurima
842 1024 1067 1089 minum
1117 1024 1318 1089 facere
1365 1024 1586 1108 populo
1635 1025 1812 1106 nugis
1860 1026 1986 1087 suis
2035 1029 2156 1086 846

267 1105 597 1189 geminatio
642 1108 942 1173 vocalium
991 1111 1302 1191 longarum
1354 1115 1436 1180 Α,
1490 1116 1559 1179 Ε,
1608 1115 1706 1185 0,
1759 1117 1805 1179 V
1855 1109 2014 1172 unde
2063 1119 2195 1174 orta
2242 1120 2301 1174 et
2345 1112 2402 1174 in
2450 1112 2683 1175 Latium
2732 1111 3009 1187 inducta,

353 1212 411 1275 p.
459 1196 539 1255 28
588 1194 718 1256 eius
766 1194 1230 1278 orthographiae
1278 1194 1558 1278 exempla
1605 1192 1685 1255 ib.

267 1274 501 1340 Genius
548 1279 814 1341 marinus
860 1280 1290 1344 Paestanorum
1340 1279 1518 1342 modo
1564 1277 1780 1350 alatus,
1828 1278 2005 1340 modo
2054 1277 2185 1343 sine
2229 1280 2433 1365 pinnis
2480 1286 2557 1343 66
2603 1302 2633 1342 c
2675 1281 2730 1355 d,
2781 1281 3012 1347 Genius

351 1360 876 1438 Brundisinorum,
923 1383 957 1426 a
1004 1366 1084 1426 77
1130 1386 1161 1424 c

267 1443 527 1509 Genium
574 1446 853 1511 manibus
899 1445 1109 1511 inseris
1157 1447 1443 1511 mandare
1494 1452 1655 1509 1152

268 1548 486 1610 gerere
534 1531 799 1614 apicem,
846 1533 1085 1614 insigne
1133 1533 1392 1596 flaminis
1439 1536 1550 1593 881

267 1613 520 1694 glandes
567 1614 822 1679 bellicae
867 1637 1253 1682 romanorum
1315 1635 1475 1680 anno
1525 1619 1633 1676 621
1703 1615 1958 1698 primum
2022 1616 2347 1699 inscriptae
2409 1623 2700 1683 900-902
2759 1619 3013 1699 glandes

349 1697 496 1762 belli
556 1700 799 1764 marsici
845 1722 903 1784 p.
950 1706 1072 1765 263
1122 1723 1202 1765 nn
1261 1704 1550 1764 935-978
1612 1719 1729 1762 non
1791 1699 1872 1760 ibi
1931 1706 2155 1762 tantum
2220 1709 2497 1784 repertae
2562 1704 2666 1766 ubi
2734 1702 3016 1783 flagravit

351 1784 727 1864 potissimum
775 1785 999 1850 bellum
1051 1806 1184 1869 pag.
1232 1791 1352 1848 263
1401 1786 1589 1847 falsae
1627 1784 1880 1863 glandes
1914 1801 2094 1865 quae,
2129 1792 2188 1847 et
2226 1788 2446 1869 quibus
2479 1788 2536 1849 in
2570 1786 2723 1850 locis
2759 1788 3013 1870 glandes

349 1867 491 1930 belli
538 1870 804 1950 perusini
841 1874 1200 1933 1081-1105
1259 1871 1432 1952 glans
1480 1869 1703 1931 bellica
1759 1867 2112 1931 Mundensis
2172 1873 2319 1932 1071
2391 1870 2637 1935 funiculi
2684 1872 2742 1934 in
2791 1873 3012 1953 glande
3094 1902 3108 1915 ·

324 1951 570 2015 -fundae
617 1973 832 2018 aversa
880 1958 1150 2037 expressi
1198 1974 1308 2039 pro
1355 1954 1554 2035 gladio
1603 1971 1922 2036 perperam
1972 1954 2206 2035 accepti
2253 1974 2311 2037 p.
2360 1960 2481 2018 269

274 2042 320 2104 Η
372 2054 409 2098 a
439 2036 683 2101 Sabinis
729 2058 838 2122 pro
889 2047 927 2108 Ρ
975 2041 1203 2122 scripta
1248 2059 1303 2122 p.
1340 2046 1373 2101 3
1422 2039 1590 2101 initio
1640 2035 1920 2100 vocabuli
1969 2056 2086 2099 non
2136 2039 2421 2115 admissa,
2473 2041 2591 2101 vide
2619 2040 2739 2102 ind.
2772 2060 3008 2120 qramm.

267 2119 460 2184 honor
505 2123 752 2208 stirpem
799 2124 1080 2186 nobilitat
1124 2129 1245 2187 886
1292 2124 1493 2205 quoiei
1543 2122 1736 2185 honor
1783 2140 1900 2183 non
1939 2121 2526 2206 defecitbonore(m)
2565 2129 2686 2187 882
2720 2123 3011 2189 honorem

352 2205 530 2269 alicui
579 2208 868 2271 mandare
915 2207 1059 2271 ibid.

270 2295 301 2357 l·
346 2291 635 2372 aspiratio
695 2311 915 2373 graeca
967 2290 1242 2356 adhiberi
1290 2298 1504 2375 caepta
1549 2298 1682 2387 post
1729 2289 2117 2376 alphabetum
2179 2293 2443 2356 ionicum
2491 2293 2815 2356 admissum
2864 2313 2919 2375 p.
2973 2299 3006 2356 3

266 2373 561 2438 Hercules
606 2376 1049 2440 Acherontinus
1095 2384 1156 2438 et
1202 2377 1353 2440 luno
1402 2376 1617 2438 Cinxia
1663 2376 1976 2458 praesides
2025 2373 2289 2458 coniugii
2339 2382 2460 2440 532

269 2468 282 2528 Ι
336 2459 701 2523 elementum
748 2460 1235 2524 Chalcidensium
1283 2469 1342 2525 et
1388 2460 1734 2523 Latinorum
1786 2460 2109 2543 proprium,
2160 2469 2193 2532 Η
2246 2461 2335 2524 vel
2388 2471 2428 2537 ἢ
2475 2461 2850 2525 Achaeorum
2888 2482 2944 2546 p.
2976 2466 3008 2523 4

269 2551 281 2612 Ι
334 2563 442 2625 pro
489 2550 556 2618 Υ,
601 2545 730 2608 vide
773 2547 894 2610 ind.
938 2566 1176 2627 yramm.
1769 2591 1780 2600 .
2979 2601 3006 2612 ..

262 2627 291 2688 Ι
323 2647 433 2711 pro
466 2630 708 2711 ilonga,
742 2632 869 2695 sive
901 2635 956 2692 ei
984 2640 1318 2695 ceterarum
1350 2630 1687 2695 litterarum
1724 2649 2067 2693 mensuram
2101 2632 2405 2694 excedens
2437 2632 2681 2713 quando
2728 2635 3009 2717 usurpari

350 2715 552 2798 caepit
594 2735 653 2798 p.
701 2719 801 2787 29,
850 2721 927 2778 30
971 2737 1081 2799 pro
1128 2734 1277 2778 sono
1324 2715 1581 2797 quodam
1630 2715 1847 2789 vocali,
1894 2721 1957 2777 ut
2009 2723 2076 2786 11,
2123 2715 2395 2778 adhibita
2444 2736 2497 2797 p.
2547 2720 2614 2777 31

264 2805 296 2865 il
346 2816 451 2880 pro
503 2805 601 2872 ΕΙ,
648 2799 777 2863 sive
832 2807 872 2872 Ι,
928 2805 1256 2884 usurpatur
1301 2801 1546 2883 insuper
1591 2799 1797 2862 addito
1853 2806 1892 2870 l,
1947 2805 2064 2871 ΙΕΙ,
2115 2806 2178 2862 ut
2225 2802 2280 2863 in
2330 2806 2625 2876 ΟΒΤΙΕΙ,
2672 2802 2748 2864 ad
2793 2821 3009 2865 sonum

349 2884 673 2965 quemdam
720 2904 793 2948 ex
839 2886 1178 2948 timendum
1228 2905 1281 2967 p.
1329 2887 1396 2946 31

272 2973 347 3040 ll,
396 2969 555 3032 unde
602 2976 767 3032 ortus
858 2970 993 3033 uius
1036 2967 1267 3034 vocalis
1315 2966 1715 3051 duplicandae
1763 2987 1891 3030 mos
1940 2986 2076 3030 cum
2138 2967 2289 3030 duas
2350 2969 2593 3032 vocales
2653 2968 3008 3044 intercedit,

346 3054 445 3115 vel
492 3061 923 3117 consonantem
971 3064 1031 3117 et
1075 3055 1347 3119 vocalem
1395 3073 1452 3135 p.
1501 3056 1578 3115 30

269 3143 311 3205 ΙΙ
365 3135 445 3201 du
493 3137 588 3200 lex
636 3139 696 3201 in
741 3137 925 3217 genit.
989 3139 1148 3222 apud
1197 3136 1563 3220 Aequicolos
1620 3143 1680 3199 et
1739 3136 1929 3200 Oscos
1990 3154 2345 3218 campanoS,
2397 3141 2516 3199 563
2567 3138 2793 3201 Romae
2844 3141 3004 3200 1297

263 3219 291 3282 1
335 3220 396 3282 in
491 3224 698 3286 ouceri
742 3224 900 3286 Tiati
948 3230 1040 3286 est
1084 3224 1269 3286 motio
1317 3222 1555 3285 locativi
1603 3223 1684 3284 75
1732 3223 1766 3280 A·

269 3309 355 3374 ΙΜ
404 3306 497 3369 vel
549 3314 634 3376 ΙΝ
687 3308 745 3370 in
794 3308 1174 3391 compositis,
1222 3328 1278 3390 p.
1324 3309 1392 3366 21

264 3391 664 3472 imperatores
711 3393 928 3455 summi
973 3390 1036 3454 in
1088 3391 1341 3455 Faliscis
1390 3393 1508 3452 557

150 3536 161 3546 ,
263 3475 725 3558 imperatoribus
771 3476 1022 3541 summis
1067 3478 1213 3540 dare
1259 3477 1537 3538 convivia
1583 3473 1881 3556 ludosque
1930 3477 2048 3536 557

260 3558 578 3643 Inscriptio
624 3562 687 3624 L.
735 3558 1003 3625 Cornelii
1047 3559 1351 3643 Scipionis
1404 3558 1645 3640 scalpro
1693 3557 1911 3630 deleta,
1961 3557 2346 3621 manentibus
2392 3559 2664 3640 vestigiis
2712 3555 2879 3622 verbi
2924 3567 3007 3619 est

347 3664 594 3728 nempe3
640 3647 690 3708 is
739 3644 837 3709 hic
883 3654 976 3709 est
1018 3647 1199 3722 situS,
1247 3651 1365 3707 880
2429 3655 2434 3660 ·

260 3728 607 3793 Interamna
660 3730 736 3793 ad
793 3728 1073 3794 Batinum
1130 3749 1240 3792 seu
1296 3728 1540 3800 Batina,
1602 3733 1885 3810 corrupto
1947 3727 2277 3800 vocabule,
2336 3727 2633 3802 Palatina,
2704 3727 3005 3801 Paletina,

345 3833 382 3876 a
469 3814 652 3879 ellata
696 3818 763 3878 71
821 3836 859 3876 α

260 3833 527 3963 ἰῃιθιιῖἕίιι
570 3905 707 3984 post
751 3899 940 3963 solem
988 3905 1181 3963 ortum
1227 3904 1286 3960 et
1331 3906 1468 3960 ante
1517 3897 1724 3962 horam
1772 3898 2073 3961 decimam
2121 3896 2239 3960 diei
2292 3899 2473 3971 1060,
2524 3913 2587 3962 57

262 3982 653 4048 Interkalaris
699 3986 925 4048 mensis
975 3991 1112 4065 post
1158 3982 1553 4046 Februarium
1603 3987 1724 4045 980

263 4068 529 4214 intgrrex
586 4069 946 4141 Beneventi,
999 4073 1187 4142 1611,
1242 4067 1527 4130 Narbone
1590 4067 1791 4141 2217,
1841 4065 2113 4128 Interrex
2169 4067 2228 4127 in
2287 4065 2541 4148 collegio
2599 4065 2695 4128 dei
2750 4062 3007 4130 Fontani

397 4152 575 4216 undis
626 4157 775 4215 1561

262 4236 420 4299 Iovis
463 4235 683 4310 MaiuS,
729 4238 830 4321 qui
875 4236 1125 4300 Maisius
1172 4237 1293 4299 dici
1341 4234 1555 4320 potuit,
1601 4254 1766 4308 osce,
1814 4239 1957 4312 564,
2005 4234 2407 4309 SacricostuS,
2446 4232 2774 4308 842,Ιονί5
2814 4232 3007 4315 ζύγιος

356 4320 756 4406 (coniugalis)
804 4341 942 4385 cum
988 4322 1220 4384 lunone
1267 4321 1441 4402 ζυγία
1488 4320 1686 4402 (iuga)
1736 4326 1796 4382 et
1840 4319 2096 4382 Hercule
2146 4316 2576 4394 Acherontini),
2630 4322 2748 4381 532

264 4407 410 4469 Irini
457 4407 536 4468 73
584 4409 643 4470 in
694 4406 1030 4489 Campania
1073 4425 1145 4469 ex
1189 4406 1411 4489 Apulia
1454 4404 1708 4489 profecti
1753 4406 1881 4466 vide
1926 4404 2056 4466 add.

258 4489 499 4555 iteratio
547 4491 845 4556 honorum
888 4491 1144 4574 primum
1192 4493 1442 4562 omissa,
1492 4490 1629 4555 dein
1679 4496 2004 4571 usurpata,
2053 4489 2363 4552 additione
2428 4489 2592 4551 vocis
2639 4489 2878 4561 iterum,
2926 4487 3003 4551 ab

346 4593 502 4643 anno
549 4580 875 4653 590‚2tum
921 4577 1075 4639 notis
1122 4574 1532 4638 numeralibus
1578 4591 1867 4659 expressa
1913 4578 2108 4651 1053,
2158 4577 2318 4640 1054
