3440 5114
416 251 477 308 12

388 377 635 441 formam
675 386 715 456 p
760 374 1000 455 angulis
1046 374 1224 459 plane
1271 371 1454 436 rectis
1500 368 1746 443 saeculo
1778 368 1909 454 ipso
1940 366 2152 453 quinto
2190 366 2385 430 rarius
2433 374 2803 452 usurpatam,
2852 383 3034 450 quam

384 498 542 564 quae
570 477 823 542 haberet
854 476 1107 559 angulos
1139 495 1255 540 non
1291 474 1467 560 plane
1490 482 1717 553 rectos;
1747 492 1856 537 nec
1885 480 2083 537 tamen
2115 491 2390 535 cessasse
2414 471 2577 535 circa
2596 460 2695 534 an.
2722 489 2785 535 u.
2808 487 2863 533 c.
2890 471 3034 543 620,

386 600 542 666 quae
589 581 853 645 saeculis
899 580 1108 664 quinto
1134 586 1195 641 et
1226 586 1395 642 sexto
1428 597 1734 663 nunquam
1761 596 1904 663 prae
1930 577 2062 639 aliis
2087 582 2248 638 esset
2294 581 2611 658 usurpata,
2659 593 2866 637 verum
2897 592 3034 636 sae-

385 687 521 750 culo
553 683 811 770 septimo
845 682 1072 768 pluries
1103 683 1280 747 etiam
1310 700 1487 766 quam
1515 681 1776 745 solerent
1804 680 2034 743 formae
2071 684 2369 742 vetustate
2403 678 2832 742 reviviscentes
2858 673 3033 741 adbi-

383 789 567 853 bitam
615 788 819 862 fuisse,
867 786 1050 871 idque
1095 783 1386 869 exemplis
1433 782 1779 849 confirmavi
1826 803 1897 846 ex
1933 780 2141 855 tituliS,
2168 801 2240 845 ex
2274 781 2541 857 tesseriS,
2575 799 2646 843 ex
2680 775 3030 862 epigraphis

386 892 638 975 graphio
684 891 978 955 exaratis:
1025 890 1416 974 quamobrem
1468 887 1606 952 licet
1660 888 1846 972 probe
1897 884 2303 968 intelligamus
2358 902 2515 967 quae
2571 902 2706 947 esse
2753 879 3033 946 debuerit

387 993 677 1059 vetustior
721 993 933 1073 forma,
979 999 1178 1057 tamen
1226 992 1499 1056 videmus
1547 990 1694 1054 nibil
1740 990 1953 1055 contici
1991 989 2066 1053 ad
2102 987 2351 1074 potioris
2389 993 2809 1071 argumentum
2854 991 3029 1049 vetu-

385 1100 577 1162 statis,
632 1096 813 1161 Tituli
874 1096 1225 1181 Scipionum
1290 1094 1691 1178 antiquissimi
1743 1117 1781 1176 p
1836 1093 2091 1176 angulos
2148 1112 2264 1156 uon
2321 1093 2501 1176 plane
2558 1097 2756 1155 rectos
2799 1088 3028 1173 ubique

384 1208 649 1277 servant,
695 1198 811 1263 nisi
859 1200 1003 1284 quid
1050 1199 1282 1263 rec-enti
1329 1197 1586 1263 artificio
1632 1196 1914 1261 debetur:
1965 1195 2184 1260 nummi
2217 1196 2646 1259 Paestanorum
2673 1201 2733 1257 et
2765 1191 3027 1277 Copien-

383 1306 536 1367 sium
583 1302 1066 1381 constantissime
1094 1324 1130 1381 p
1162 1302 1397 1382 angulis
1442 1302 1622 1385 plane
1666 1302 1850 1364 rectis
1874 1298 2165 1363 adhibent
2209 1298 2471 1363 saeculis
2499 1298 2711 1383 quinto
2743 1304 2803 1361 et
2834 1300 3028 1372 sexto,

385 1426 497 1470 nec
541 1405 715 1470 aliter
758 1425 1048 1489 unquam.
1098 1403 1324 1468 Pocula
1367 1402 1575 1468 fictilia
1619 1402 1735 1466 diis
1781 1400 1980 1466 dicata
2017 1424 2059 1484 p
2104 1401 2467 1486 quadratum
2513 1419 2653 1464 raro
2711 1396 3028 1472 exhibent,

379 1532 419 1592 p
463 1510 766 1574 secundae
811 1509 1036 1572 formae
1084 1512 1152 1570 ut
1195 1506 1537 1590 plurimum,
1584 1505 1676 1569 vel
1726 1507 1940 1569 tertiae
1987 1505 2212 1568 formae
2259 1510 2571 1588 usurpant.
2603 1504 2671 1566 ln
2694 1520 2833 1567 asse
2864 1498 3026 1564 aeris

384 1614 585 1694 gravis
630 1611 1060 1676 Lucerinorum
1108 1617 1202 1674 est
1239 1631 1280 1690 p
1324 1609 1552 1673 formae
1599 1608 1910 1674 secundae
1956 1610 2016 1672 in
2069 1614 2325 1687 ΡνωΟς
2371 1609 2429 1672 ἱη
2457 1607 2650 1672 altero
2686 1624 2826 1670 asse
2858 1604 3022 1669 eius·

386 1716 521 1780 dem
569 1715 837 1780 coloniae
884 1714 1085 1796 gravis
1131 1713 1373 1797 quidem
1418 1714 1605 1786 aeriS,
1667 1712 1775 1776 sed
1831 1712 2200 1797 aliquantum
2257 1711 2577 1786 deminuti,
2625 1731 2667 1792 p
2719 1714 2813 1773 est
2856 1712 3024 1774 recto

383 1817 605 1901 angulo
635 1819 694 1880 in
736 1824 784 1888 Γ·
819 1852 832 1866 ·
863 1823 1028 1889 ΒΑΒ.
1077 1815 1145 1878 In
1193 1814 1452 1880 nummis
1487 1816 2038 1880 Beneventanorum
2067 1821 2125 1877 et
2155 1814 2593 1879 Suessanorum
2625 1813 2862 1897 Propom
2894 1810 3025 1875 sive

384 1923 626 1984 Probom
677 1929 725 1990 Π
779 1919 1016 2001 angulis
1049 1920 1232 1983 rectis
1271 1919 1612 2000 effingitur3
1654 1925 1715 1984 at
1750 1920 1808 1982 in
1844 1919 1996 1983 cista
2039 1917 2462 1992 Kircheriana,
2511 1921 2945 1997 Pramnos,
2987 1936 3030 1996 p

383 2025 654 2088 secunda
700 2023 889 2087 forma
933 2023 1221 2107 scriptum
1269 2022 1564 2101 videmuS‚
1597 2029 1657 2085 et
1686 2020 1747 2085 in
1792 2022 2017 2086 lamina
2063 2030 2244 2085 aerea
2287 2018 2708 2085 beneventana
2751 2016 2840 2082 sic
2885 2018 3024 2105 pin-

384 2128 547 2207 gitur
595 2129 967 2203 ΡΟΒΗΕΑ,
1014 2132 1071 2188 et
1115 2126 1174 2187 in
1222 2125 1501 2187 omnibus
1551 2124 1734 2188 titulis
1781 2122 2008 2187 fatiscis
2052 2123 2241 2188 latina
2280 2130 2380 2187 aut
2414 2123 2658 2208 propria
2686 2122 3027 2186 litteratura

383 2228 767 2313 conscriptis:
815 2228 1066 2313 specula
1106 2229 1247 2290 item
1286 2226 1713 2312 antiquissima
1757 2226 1913 2291 banc
1965 2227 2143 2292 unice
2191 2232 2459 2302 servant,
2512 2224 2785 2310 itemque
2842 2230 3024 2289 vetu-

382 2331 645 2395 stissima
688 2331 1162 2409 Tiburtinorum,
1212 2316 1716 2410 Tusculanorum,
1744 2329 2108 2394 Calenorum
2136 2337 2543 2395 monumenta.
2571 2329 2774 2393 Stelae
2812 2326 3029 2394 Pisau-

384 2455 590 2500 renses
644 2436 899 2519 primam
954 2443 1013 2498 et
1056 2435 1385 2499 secundam
1435 2435 1683 2499 sormam
1741 2441 2062 2519 usurpant,
2113 2433 2390 2519 titulique
2436 2433 2678 2498 corani:
2726 2434 2784 2497 in
2831 2432 3027 2517 pineis

381 2538 787 2626 praenestinis
833 2536 1144 2604 numeravi
1199 2546 1249 2609 Γ·
1299 2536 1616 2622 angulatos
1662 2539 1872 2603 decem
1919 2545 1978 2603 et
2024 2545 2178 2616 oct0,
2218 2538 2426 2604 lunula
2467 2536 2675 2602 hiante
2725 2544 2762 2609 Ρ
2810 2534 3022 2621 viginti

282 2649 285 2656 '
383 2651 534 2718 treS,
581 2644 792 2707 lunula
837 2643 1014 2726 plane
1062 2643 1266 2707 clausa
1319 2649 1358 2712 Ρ
1407 2651 1548 2707 tres.
1596 2642 1780 2706 Usum
1828 2644 2091 2728 denique
2138 2642 2546 2728 promiscuum
2602 2647 2848 2707 servant
2893 2648 3024 2704 tes-

380 2766 554 2810 serae
600 2745 994 2828 gladiatoriae
1039 2747 1271 2812 saecuti
1318 2748 1576 2831 septimi,
1623 2754 1688 2810 ut
1719 2754 1779 2809 et
1823 2746 2050 2810 nummi
2081 2749 2330 2811 romani.
2367 2745 2478 2809 Hic
2510 2745 2620 2810 fuit
2654 2746 2842 2827 igitur
2876 2765 3023 2809 usus

379 2851 607 2933 primae
656 2856 715 2912 et
760 2848 1065 2913 secundae
1113 2850 1339 2913 formae
1386 2850 1484 2933 qui
1525 2870 1557 2912 e
1606 2849 2006 2914 monumentis
2044 2850 2273 2914 eruitur
2309 2847 2645 2934 priscorum
2683 2847 3024 2913 latinorum.

548 2958 614 3022 Υ.
662 2952 954 3016 Graecam
1004 2951 1156 3016 hanc
1201 2951 1463 3016 litteram
1508 2972 1616 3037 pro
1662 2972 1784 3038 qua
1829 2951 2220 3016 vetustissimi
2267 2959 2314 3024 V
2364 2951 2654 3028 scribunt,
2692 2951 3023 3038 aliquando

379 3052 558 3116 etiam
611 3062 657 3130 t,
704 3073 738 3117 a
784 3054 1010 3117 Naevio
1043 3062 1103 3118 et
1131 3054 1299 3118 Livio
1346 3054 1689 3118 Andronico
1737 3063 2044 3139 receptam
2077 3056 2276 3139 posuit
2305 3054 2672 3139 *Ritscbelius
2705 3054 3023 3119 emendato

383 3156 672 3221 Victorini
722 3158 893 3221 Marii
944 3165 1130 3237 textu,
1175 3158 1484 3242 protessus
1529 3178 1648 3223 non
1696 3156 1922 3222 babere
1970 3159 2213 3243 quidem
2261 3178 2326 3221 se
2373 3153 2588 3242 quo'id
2626 3157 2808 3242 quale
2844 3157 3026 3221 suerit

379 3267 721 3325 accuratius
767 3259 1064 3331 definiret,
1114 3261 1220 3324 sed
1268 3268 1465 3324 tamen
1515 3261 1869 3342 intellegere
1904 3260 2022 3324 fide
2061 3281 2179 3325 non
2213 3281 2346 3326 esse
2377 3262 2723 3326 necessario
2770 3261 3024 3325 destitu-

379 3371 526 3427 tum.
573 3363 935 3447 Expeditum
982 3363 1113 3427 eius
1148 3384 1318 3428 usum
1349 3371 1407 3427 et
1434 3384 1809 3428 communem
1859 3364 2358 3429 consuetudinem
2392 3384 2510 3428 non
2540 3371 2679 3428 ante
2712 3365 3021 3429 saeculum

377 3473 653 3530 octavum
702 3466 889 3529 fuisse
941 3466 1122 3549 (Mon.
1172 3464 1360 3550 epigr.
1408 3468 1519 3529 tria
1564 3486 1702 3551 pag.
1753 3467 1873 3549 25).
1914 3465 2123 3551 Nuper
2160 3487 2302 3530 vero
2341 3467 2400 3529 in
2442 3467 2677 3551 priscae
2706 3465 3025 3530 latinitatis

377 3569 778 3633 monumentis
822 3569 1094 3654 pressius
1124 3589 1337 3651 agens:
1388 3569 1621 3633 litterae
1667 3575 1734 3645 Υ,
1779 3567 1883 3646 ait,
1915 3590 2063 3633 usus
2097 3570 2296 3634 nullus
2320 3578 2565 3653 praeter
2596 3589 2777 3634 unum
2821 3588 3022 3634 exem-

373 3673 560 3756 plum,
607 3671 727 3734 tab.
755 3670 997 3734 LXXVI
1047 3694 1113 3748 Α,
1166 3677 1624 3751 DtONVStVS,
1671 3678 1810 3736 ante
1857 3673 2082 3736 exitum
2130 3672 2354 3736 saeculi
2390 3673 2651 3758 septimi.
2691 3671 2861 3736 Haec
2896 3669 3020 3748 ille,

375 3775 478 3857 qui
526 3795 815 3839 canonem
864 3780 1026 3838 certe
1072 3775 1408 3856 collegitex
1444 3774 1662 3840 tabulis
1709 3776 1874 3854 suis3
1915 3796 2051 3840 nam
2097 3777 2145 3839 si
2193 3782 2581 3840 monumenta
2605 3775 2834 3841 saeculi
2867 3772 3021 3840 sexti

374 3898 492 3941 non
521 3878 882 3960 ignorasset,
903 3885 1166 3961 quatuor
1188 3878 1465 3963 exempla
1483 3885 1722 3963 praesto
1749 3877 2083 3956 habuisset,
2100 3883 2280 3963 atque
2297 3879 2512 3943 aetatis
2527 3878 2772 3964 quidem
2793 3885 3021 3944 certae.

375 3979 639 4044 Primum
679 3981 836 4045 enim
871 3980 1198 4065 epigraphe
1225 3980 1470 4046 habeta
1496 3981 2008 4048 Laodiceensibus
2039 3982 2239 4046 dicata
2269 3983 2498 4048 Romae
2523 4001 2682 4047 anno
2718 3982 2842 4048 sere
2868 3986 3016 4061 673,

374 4083 478 4147 ubi
507 4085 646 4148 olim
675 4083 894 4149 lectum
935 4090 1070 4155 ΑΡ·
1099 4091 1343 4164 LV<03
1385 4085 1719 4162 secundum
1746 4084 2016 4150 dedisset
2038 4086 2253 4151 eodem
2288 4105 2446 4151 anno
2480 4087 2764 4151 denarius
2790 4085 3019 4163 Sullae,

373 4186 451 4250 ab
504 4188 637 4251 eius
691 4195 1017 4272 quaestore
1074 4188 1301 4253 Manlio
1356 4210 1581 4269 cusu5‚
1640 4188 1740 4253 ubi
1804 4186 2060 4272 legimus
2122 4197 2419 4268 svam
2479 4192 2722 4256 tertium
2789 4189 3016 4254 nummi

374 4288 437 4351 Ρ.
488 4289 755 4374 Hypsaei
794 4311 950 4357 anno
979 4297 1097 4356 688
1130 4293 1375 4374 ουείιίη
1425 4292 1648 4378 quibus
1692 4293 1834 4357 item
1883 4292 2000 4377 legi
2049 4300 2279 4359 certum
2327 4301 2421 4359 est
2473 4298 3017 4368 Ρ-ΗΥΡςΑΕνς,

374 4401 433 4455 et
479 4398 520 4462 C
567 4399 845 4468 VPSAE,
901 4394 1062 4480 quod
1119 4397 1295 4459 unice
1352 4400 1514 4461 novit
1557 4396 1992 4462 Mommsenius
2042 4395 2227 4480 (Hist.
2278 4398 2352 4462 de
2407 4398 2466 4461 la
2509 4400 2792 4462 monnaie
2835 4416 3015 4473 rom.,

373 4500 411 4557 t.
459 4493 535 4570 ll,
568 4515 622 4579 p.
658 4499 798 4572 ⁴90,
845 4498 967 4560 edit
1009 4497 1230 4581 Blae.);
1279 4505 1558 4583 quartum
1604 4500 1991 4585 praebuisset
2027 4499 2191 4563 Lucii
2225 4502 2512 4585 Torquati
2546 4519 2825 4564 nummus
2860 4518 3018 4563 anno

371 4601 491 4661 693
538 4618 744 4679 cusus,
792 4599 849 4662 in
895 4619 1016 4684 quo
1064 4607 1120 4664 et
1168 4619 1282 4684 ego
1331 4601 1469 4667 olim
1517 4603 1635 4685 legi
1681 4604 2046 4681 stent-A,
2093 4609 2154 4666 et
2191 4601 2573 4668 Cavedonius
2606 4609 2666 4666 et
2696 4600 3020 4678 Cohen,*et
