3440 5114
541 277 607 331 72

847 399 1028 463 Canis
1074 401 1130 483 in
1176 420 1241 465 se
1286 402 1644 466 convolutus
1691 403 1941 466 cubans.

762 501 1045 567 Litteram
1092 501 1457 587 singularem
1509 510 1546 576 t«
1600 524 1784 589 quam
1832 523 2006 568 nemo
2052 502 2344 568 hactenus
2390 511 2994 589 repraesentaverat,
3041 504 3157 566 du-

596 605 858 690 dumque
906 612 1292 683 notaveram,
1331 625 1532 692 nuper
1576 607 1868 671 indicavit
1911 608 2048 671 Dux
2095 607 2170 671 de
2216 607 2432 671 Blacas
2485 605 2678 690 (Hist.
2725 607 2799 671 de
2845 607 2905 671 la
2948 625 3156 671 monn.

596 727 743 771 rom.
783 708 842 782 1,
883 709 1046 791 355)
1093 708 1334 773 duobus
1379 710 1830 794 exemplaribus
1873 729 1984 774 suo
2030 717 2090 773 et
2133 709 2472 774 Hoffmanni
2524 712 2920 793 negotiatoris
2973 710 3156 795 periti

598 809 1015 874 numismatici.

679 911 739 994 b)
796 919 841 983 Η
896 919 941 983 Η
992 912 1184 978 videri
1223 915 1281 977 in
1309 933 1446 979 asse
1479 915 1978 998 Santangeliano,
2025 916 2228 1001 ibique
2276 916 2393 999 legi
2435 919 2472 985 y
2520 914 2782 981 affirmat
2817 912 3157 991 FiorelliuS,

592 1024 650 1078 et
695 1034 809 1098 ego
854 1014 996 1078 vidi.
1040 1015 1104 1079 ln
1155 1019 1342 1082 altero
1389 1017 1667 1103 exemplo
1713 1027 1919 1083 extare
1966 1018 2219 1104 simplex
2271 1026 2348 1089 Η.
2397 1019 2556 1083 idem
2609 1025 2790 1083 notat.

759 1117 1147 1204 Epigraphen
1194 1122 1512 1205 repetitam
1550 1122 1802 1207 praebet
1838 1122 2054 1187 unicus
2092 1129 2322 1198 noster,
2361 1129 2427 1186 ut
2461 1123 2731 1199 videtur,
2772 1141 3030 1206 eamque
3064 1140 3160 1185 re-

592 1221 931 1303 trogradam
981 1221 1057 1287 ab
1104 1243 1225 1287 una
1270 1231 1475 1308 parte,
1523 1225 1599 1289 ab
1646 1224 1836 1290 altera
1881 1245 2045 1289 more
2092 1224 2279 1288 latino
2317 1225 2394 1288 ad
2431 1226 2733 1289 sinistram
2771 1243 3153 1289 conversam.

673 1324 732 1406 c)
785 1324 961 1387 Extat
1018 1326 1172 1389 assis
1231 1327 1609 1404 communis,
1668 1329 1827 1413 typis
1880 1326 2216 1401 similibus,
2272 1329 2379 1393 sed
2427 1328 2483 1390 in
2532 1329 2732 1392 antica
2777 1334 3005 1391 tantum
3051 1326 3151 1390 in-

589 1425 851 1541 scriptus
903 1433 1068 1498 ΗΑΤ
1115 1430 1173 1491 ἰιι
1221 1431 1457 1512 postica
1500 1450 1646 1495 vero
1695 1431 1884 1494 babet
1925 1438 2127 1496 notam
2175 1430 2363 1495 librae
2416 1440 2450 1501 Ι.
2509 1430 2740 1495 Pendet
2789 1438 2997 1495 noster
3040 1428 3146 1514 qui

516 1600 521 1605 ,
595 1536 686 1592 est
730 1529 789 1593 in
837 1529 1236 1595 Kircberiano
1274 1534 1491 1597 uncias
1537 1553 1683 1598 rom.
1733 1533 1866 1597 XIV
1911 1535 2117 1597 semis.

676 1634 745 1715 d)
798 1640 966 1705 ΗΑΤ
1014 1635 1074 1698 in
1122 1636 1342 1699 antica.

846 1735 1043 1821 Caput
1097 1736 1389 1804 Medusae
1441 1738 1608 1803 velut
1651 1760 1726 1805 ex
1771 1739 2068 1804 conchilio
2116 1739 2421 1803 turbinato
2466 1745 2717 1814 extans,
2762 1740 2946 1824 atq&
2991 1738 3156 1804 circa

926 1839 1146 1905 collum
1195 1841 1375 1925 spiris
1422 1842 1791 1922 involutum,
1839 1841 2112 1908 crinibus
2156 1842 2436 1907 remulsis
2482 1844 2863 1928 sparsisque:
2910 1862 3049 1957 raro
3093 1843 3154 1905 in

926 1961 1075 2007 area
1121 1950 1264 2008 nota
1312 1949 1366 2013 5.

839 2045 1109 2127 Pegasus
1156 2053 1215 2110 et
1257 2054 1401 2112 nota
1444 2047 1830 2131 quincuncis.

757 2147 994 2232 Duplici
1042 2148 1214 2232 signo
1250 2156 1560 2226 notatum,
1606 2152 1872 2216 semissis
1911 2171 2126 2237 nempe
2165 2159 2225 2214 et
2261 2150 2619 2234 quincuncis
2656 2152 2838 2217 habet
2875 2170 3150 2217 museum

586 2249 1066 2315 Sorricchiorum
1095 2302 1109 2326 ,
1156 2258 1321 2317 certe
1365 2254 1729 2335 genuinum,
1776 2261 1928 2318 teste
1976 2252 2258 2318 Gabriele
2297 2253 2695 2331 Cherubinio,
2742 2253 2921 2319 cuius
2966 2253 3154 2319 verba

582 2352 777 2417 refero
825 2374 899 2418 ex
943 2355 1205 2440 epistola
1238 2376 1432 2440 nuper
1463 2358 1539 2421 ad
1571 2376 1666 2421 me
1697 2358 1952 2441 scripta:
2009 2381 2038 2415 «
2074 2357 2139 2420 Si
2178 2357 2325 2420 vede
2363 2358 2836 2440 spiccatamente
2875 2376 3060 2440 sopra
3093 2357 3152 2420 la

588 2462 745 2521 testa
790 2454 1113 2521 semminile
1160 2459 1218 2522 la
1261 2459 1447 2541 sigla;
1492 2460 1564 2523 ed
1612 2458 1654 2523 il
1701 2458 2047 2544 quincunce
2094 2463 2128 2521 e
2174 2458 2231 2521 di
2280 2465 2329 2522 si
2376 2458 2632 2543 perfetta
2676 2460 3153 2523 conservazione

584 2580 697 2625 con
743 2557 947 2645 patina
990 2562 1370 2626 lucidissima
1414 2571 1687 2628 nerastra
1731 2564 1810 2627 da
1855 2582 1972 2627 non
2019 2564 2127 2627 dar
2172 2565 2351 2646 luogo
2399 2563 2473 2626 ad
2510 2563 2685 2627 alcun
2725 2563 2954 2629 dubbio
2991 2562 3154 2628 sulla

584 2682 696 2726 sua
740 2663 1028 2727 antichita
1071 2689 1129 2728 ».
1176 2663 1498 2743 Quincunx
1544 2674 1637 2730 est
1678 2666 1739 2729 in
1786 2665 2186 2730 Kircberiano
2231 2665 2582 2750 pendetque
2626 2665 2841 2731 uncias
2885 2674 3146 2752 septem.

668 2766 724 2848 e)
778 2772 946 2837 ΗΑΤ
991 2766 1055 2830 in
1099 2770 1354 2853 postica.

839 2867 1035 2955 Caput
1090 2870 1384 2937 muliebre
1433 2878 1499 2936 ut
1541 2872 1777 2936 videtur
1821 2871 2093 2938 crinibus
2139 2873 2213 2937 ad
2258 2872 2559 2937 cervicem
2607 2873 2854 2946 solutis,
2902 2880 2964 2937 et
3009 2880 3152 2936 nota

923 2971 1185 3040 trientis.
1537 2995 1540 2999 “

837 3074 961 3140 Vas
1007 3084 1281 3141 ansatum
1329 3078 1388 3140 in
1437 3097 1558 3162 quo
1608 3078 1781 3142 sabae
1828 3078 2064 3162 planta,
2112 3084 2176 3141 ut
2222 3077 2475 3164 videtur.

751 3179 856 3241 Est
901 3176 964 3241 in
1011 3178 1411 3245 Kircheriano
1458 3180 1806 3265 pendetque
1855 3182 2065 3244 uncias
2112 3184 2179 3252 6,
2228 3182 2510 3245 denarios
2557 3187 2724 3256 octo,
2771 3182 2971 3245 semis.

663 3282 725 3364 Γ)
779 3286 950 3351 ΗΑΤ
994 3283 1055 3346 in
1099 3283 1349 3366 postica.

833 3384 1003 3449 Rana
1048 3385 1368 3470 piscatrix,
1414 3385 1667 3451 Graecis
1711 3385 2014 3469 βάτραχος
2057 3388 2280 3460 ἁλιεύς,
2330 3394 2391 3451 et
2436 3371 2577 3451 nota
2625 3387 2998 3470 quadrantis

836 3486 1115 3571 Delphin.
1544 3477 1549 3480 ’
1608 3573 1611 3578 .

746 3589 852 3652 Est
894 3587 956 3651 in
1004 3589 1403 3655 Kircheriano
1448 3592 1794 3676 pendetque
1839 3595 2049 3657 uncias
2097 3599 2219 3656 tres
2266 3594 2463 3655 semis.

661 3694 732 3774 9)
783 3697 957 3762 ΤΑΗ
1007 3693 1069 3756 in
1113 3694 1364 3776 postica.

829 3781 1040 3860 Gallus
1089 3797 1404 3880 (gallinam
1451 3795 1603 3860 dixit
1645 3796 2067 3881 Cavedonius)
2116 3807 2174 3861 et
2222 3806 2363 3862 nota
2408 3800 2718 3863 sextantis.

830 3897 1105 3963 Calceus.

747 4002 812 4065 In
861 4002 1263 4069 Kircheriano
1312 4004 1535 4087 pendet
1580 4023 1716 4067 unc.
1768 4009 1789 4065 4
1848 4010 1907 4065 et
1954 4004 2089 4068 den.
2139 4008 2217 4066 ἓξ
2264 4002 2450 4067 semis
2497 4004 2690 4068 librae
2739 4023 3047 4070 romanae.

659 4107 728 4186 Ιι)
787 4112 954 4177 ΤΑΗ
1005 4109 1063 4171 in
1112 4108 1363 4191 postica.

826 4211 1081 4273 Ancora.

828 4312 980 4377 Nota
1024 4311 1262 4375 unciae.

745 4415 808 4478 ln
856 4414 1256 4480 Kircheriano
1301 4416 1525 4500 pendet
1567 4434 1703 4479 unc.
1752 4423 1810 4478 et
1855 4417 1990 4481 den.
2040 4421 2093 4478 5.

656 4517 709 4600 i)
762 4524 807 4586 Η
857 4520 915 4581 in
962 4521 1200 4597 antica,
1248 4523 1299 4588 Α
1349 4519 1409 4581 in
1457 4518 1717 4602 postica,
1766 4525 1825 4581 et
1873 4525 2013 4583 nota
2057 4519 2402 4582 semunciae
2449 4529 2507 4594 ξ.

739 4621 803 4684 In
853 4618 1247 4686 Kircheriano
1294 4620 1517 4705 pendet
1561 4620 1847 4686 denarios
1890 4622 2179 4685 tredecim
2228 4629 2288 4685 et
2333 4624 2529 4686 semis.
