3440 5114
501 266 598 323 148

475 392 614 455 692.
665 389 739 471 (.-
768 388 986 471 ⁴557).
1032 423 1111 434 -—
1154 387 1219 451 ln
1267 386 1426 451 dolio
1474 384 1794 449 narniensi.

686 598 777 663 <N
814 620 828 636 ·
863 596 1109 664 lVNlO
1452 639 1455 643 .
1516 609 1520 615 ·
1657 588 1750 651 Ab
1791 587 2022 660 Erotio,
2058 586 2158 671 qui
2195 585 2461 659 invenit,
2495 583 2805 670 ediditque
2843 584 3102 670 (Opusc.

682 701 830 766 (ψ’
868 695 1309 769 Poetrttttos
1579 691 1831 755 Miscell.
1881 691 2036 755 Stor.
2086 710 2255 754 narn.
2293 691 2403 754 vol.
2440 690 2506 773 4)
2554 687 2771 761 didici,
2819 707 2935 751 non
2982 707 3103 751 uno

1582 793 1859 878 exemplo
1890 801 2217 878 repertum.
2251 792 2529 856 Tractavi
2565 789 2809 875 saepius
2841 797 2902 853 et
2928 789 3107 853 docui

471 902 824 985 legendum:
877 900 961 963 Cn
993 952 1002 963 .
1034 900 1239 973 Iunius
1274 949 1283 961 .
1311 896 1358 958 (2
1388 949 1397 959 .
1424 897 1467 959 L
1496 946 1508 958 .
1535 896 1877 960 Pobleiios.
1925 900 1970 960 Α
2004 895 2185 979 poblo
2223 893 2526 972 l‘obleiuS‚
2562 901 2623 957 ut
2655 914 2690 956 a
2719 891 2957 977 poblico
2986 891 3105 955 Po-

478 1004 732 1079 blicius,
782 1024 817 1068 a
861 1003 1035 1088 plebe
1080 1002 1381 1066 plebeius,
1428 999 1582 1063 Nota
1627 1000 1848 1084 duplex
1895 998 1966 1075 ii,
2014 1000 2087 1062 de
2136 1018 2255 1083 quo
2303 996 2441 1062 vide
2489 997 2936 1078 grammaticam
2973 992 3108 1080 Syl-

470 1107 644 1190 logae
692 1105 1055 1191 praelixam,
1105 1125 1160 1188 p.
1210 1108 1309 1167 30.

480 1315 620 1377 493.
665 1344 741 1354 -
781 1311 852 1375 In
899 1308 1414 1395 parallelepipedo
1461 1314 1733 1372 testaceo
1780 1307 2183 1388 Castagnetae
2230 1306 2496 1381 invento,
2545 1304 2763 1368 litteris
2798 1305 2956 1367 ferro
2986 1303 3108 1367 alte

767 1411 1085 1499 insculptis
1130 1432 1238 1497 per
1282 1418 1540 1497 quatuor
1582 1411 1774 1474 latera
1819 1412 2071 1474 maiora.

688 1624 867 1692 SlCN
1277 1615 1584 1700 Descripsi
1645 1622 1705 1680 et
1764 1614 1974 1679 charta
2027 1614 2316 1699 expressi.
2384 1614 2709 1679 Memoriae
2755 1621 2814 1678 et
2858 1611 3103 1677 notitiae

683 1727 931 1795 (ὩΛΛ
1190 1739 1379 1784 causa
1421 1717 1774 1803 inscriptum
1821 1724 2005 1805 puto:
2068 1717 2569 1802 quemadmodum
2620 1719 2677 1781 in
2722 1715 3105 1801 parallelepi-

689 1829 850 1895 (Ait.
1195 1824 1348 1908 pedo
1389 1822 1710 1885 mutinensi
1751 1820 2052 1902 signatum
2094 1821 2364 1884 videmus
2405 1840 2621 1884 annum
2657 1823 2798 1883 691.
2837 1819 2982 1882 Vide
3014 1820 3107 1880 in-

688 1925 892 2001 ΟΝἾ·
1192 1925 1374 1990 serius
1421 1945 1530 1989 suo
1578 1924 1731 1990 loco.
1802 1924 1954 1988 Puto
2002 1924 2396 2007 probabiliter
2440 1925 2525 1987 sic
2573 1923 2688 2006 legi
2737 1941 2949 2006 posse:
3013 1921 3108 1984 Si-

1193 2031 1438 2113 gninum
1483 2026 1546 2092 C.
1594 2025 1729 2091 Om.
1758 2079 1768 2090 .
1799 2077 1812 2090 .
1881 2024 2109 2091 Caloni.

1531 2259 1753 2304 vaseula
1788 2265 2050 2305 creancet.

485 2430 625 2490 491.
667 2456 745 2467 —
790 2425 1077 2491 Poculum
1124 2444 1198 2490 ex
1244 2432 1408 2490 creta
1455 2425 1840 2500 tenuissima,
1888 2443 2041 2509 quae
2079 2424 2308 2487 caolina
2348 2431 2616 2499 vocatur,
2650 2423 2830 2486 ramis
2863 2431 2923 2486 et
2953 2423 3109 2488 soliis

772 2528 1080 2612 eleganter
1124 2536 1438 2604 ornatum,
1480 2527 1541 2594 in
1587 2548 1735 2613 agro
1782 2534 2107 2593 caeretano
2156 2527 2482 2591 inventum.

692 2706 1007 2775 (ΛΡΟΝΙ
1346 2702 1674 2788 Descripsi.
1737 2702 1962 2766 Nomen
2009 2699 2167 2765 servi
2217 2718 2352 2764 esse
2401 2702 2672 2776 videtur,
2719 2700 2935 2764 collata
2980 2701 3109 2783 epi-

1262 2804 1488 2890 graphe
1536 2805 1868 2890 superiore.

485 2973 623 3054 495.
669 3024 753 3039 --
799 2988 1029 3055 Patella
1073 2997 1352 3054 cretacea
1396 2990 1568 3072 nigra
1613 2990 1776 3076 apud
1825 2987 2121 3053 Valerium
2172 2990 2700 3054 tuscanellensem.

694 3167 858 3235 laeM‘t
1202 3159 1431 3225 Prodiit
1486 3163 1544 3226 in
1601 3161 1758 3226 Bull.
1807 3162 2000 3225 Instit.
2048 3161 2295 3225 BoruSS.
2350 3165 2550 3238 1866,
2597 3181 2658 3245 p.
2708 3165 2827 3225 244
2874 3162 3104 3226 editore

1115 3262 1415 3345 Helbigio.
1456 3262 1684 3328 Nomen
1726 3263 1890 3347 figuli
1932 3269 2039 3340 est,
2075 3271 2219 3346 puto
2252 3283 2467 3344 graeca
2500 3283 2571 3327 ex
2603 3264 2856 3345 origine,
2890 3262 3102 3336 Λάπος,

482 3365 679 3451 quod,
726 3363 1032 3451 Hesychio
1079 3363 1444 3452 interprete,
1492 3373 1582 3430 est
1627 3365 1772 3443 θῆς,
1821 3365 2031 3437 δοῑλος.

483 3558 619 3618 496.
663 3587 744 3599 —
794 3552 1011 3616 Patera
1057 3557 1336 3617 cretacea
1380 3552 1538 3616 foliis
1585 3558 1645 3614 et
1690 3533 2049 3636 anaglyphis
2097 3560 2304 3616 ornata
2343 3554 2397 3617 in
2439 3574 2581 3635 agro
2625 3553 2977 3617 volcentano
3012 3572 3104 3615 re·

771 3662 976 3739 perta:
1025 3675 1183 3718 nunc
1227 3654 1289 3717 in
1338 3674 1544 3719 museo
1590 3655 1891 3719 vaticano.

687 3831 770 3897 (-
807 3831 1057 3897 ΡΟΡΙΜ
1398 3825 1725 3911 Descripsi.
1768 3827 1832 3888 In
1875 3827 2119 3910 Ephem.
2156 3828 2344 3910 epigr.
2377 3825 2543 3889 berol
2606 3826 2759 3889 male
2793 3826 2987 3888 edilus
3020 3832 3113 3888 est

1315 3928 1410 3992 hic
1458 3927 1690 4008 titulus,
1741 3929 2113 4012 descriptore
2164 3930 2432 4004 Kohene,
2473 3930 2557 3992 sie
2590 3937 2655 3992 ut
2687 3930 2881 3992 littera
2916 3928 3111 4012 prima

472 4053 513 4114 p
559 4029 635 4095 sit
680 4031 916 4107 clausa,
965 4033 1234 4096 secunda
1274 4053 1313 4112 p
1358 4032 1697 4114 angulari5‚
1747 4034 1766 4093 l
1811 4052 1951 4096 vero
1999 4034 2086 4095 sic
2123 4036 2162 4116 χ
2209 4032 2540 4114 effingatur.

487 4219 624 4283 497.
671 4256 753 4265 —
796 4218 861 4282 In
909 4219 1155 4283 vase-ulo
1202 4238 1274 4282 ex
1322 4225 1488 4282 creta
1535 4218 1773 4284 eoolina
1818 4219 2005 4284 Caere
2056 4220 2287 4283 effosso.

691 4398 1050 4466 octucko
1645 4426 1674 4480 ρ
1812 4395 2117 4478 Descripsi
2179 4393 2464 4478 edidique
2509 4392 2568 4457 in
2620 4394 2776 4459 Diss.
2825 4396 2916 4458 sui
2965 4395 3113 4458 Can.

1107 4501 1187 4568 <-
1217 4503 1472 4571 ΡΟΡΙΜ
1736 4495 1924 4581 epigr.
1969 4498 2026 4561 di
2075 4497 2218 4561 Fed.
2268 4496 2526 4571 Bitschl,
2567 4518 2621 4581 p.
2662 4503 2752 4560 52.
2801 4497 3107 4574 Ocriclum
3152 4533 3163 4542 =

1735 4619 1951 4668 nomen
1988 4606 2081 4666 est
2114 4600 2283 4666 urbis
2318 4600 2379 4665 in
2414 4618 2537 4686 qua
2573 4600 2640 4665 C.
2675 4600 2945 4686 Popilius
2982 4597 3113 4665 offi-
