3440 5114
520 264 616 324 ΠΟ

950 388 1108 468 Quei
1154 390 1361 454 soueis
1408 389 1737 473 a(st)utiets
1784 391 2050 475 opldque
2098 389 2352 471 Volgani

1039 492 1465 557 Gondecorant
1505 492 1881 576 sal(pts)ume
1927 490 2226 557 comvivla
2269 492 2584 577 loidosque

955 594 1307 679 Qu(ei)quel
1353 594 1472 659 huc
1518 595 1838 675 dederu(nt
1881 593 2359 678 l)nperatoribus
2406 593 2695 659 summcis

1041 698 1169 761 lltel
1216 700 1392 763 sesed
1437 697 1702 781 lubent(e
1751 699 1928 779 bene)
1977 696 2181 762 invent
2225 697 2507 783 optantis

577 900 762 963 Pleno
802 903 1235 966 commentario
1273 921 1408 966 cum
1450 902 1601 967 haec
1638 902 1971 988 epigraphe
2009 910 2173 967 esset
2208 903 2693 978 condecoranda,
2726 922 2923 987 neque
2962 903 3136 967 huius

494 1002 608 1066 loci
654 1003 732 1067 sit
777 1001 973 1069 fusius
1020 1004 1357 1080 disserere,
1405 1003 1665 1089 aliquem
1717 1023 1988 1089 auguror
2033 1007 2300 1070 futurum
2334 1007 2577 1071 doctum
2611 1007 2803 1069 virum
2835 1004 2941 1090 qui
2974 1025 3142 1069 meas

493 1105 659 1171 vices
719 1104 1096 1189 praestabit,
1158 1107 1298 1172 dum
1360 1115 1639 1182 constet,
1699 1128 1879 1192 quam
1942 1109 2126 1173 multa
2192 1109 2265 1172 de
2322 1115 2475 1172 statu
2523 1107 2892 1173 Faliscorum
2941 1091 3197 1193 deque'

495 1226 701 1272 eorum
750 1207 965 1273 litteris
999 1209 1127 1274 boc
1174 1217 1413 1295 reperto
1459 1217 1845 1274 monumento
1891 1212 2210 1275 lucremur.

498 1417 636 1477 558.
688 1450 763 1464 —
814 1415 960 1479 Pars
1007 1414 1248 1500 postica
1296 1415 1553 1480 laminae
1601 1396 1850 1481 faliscae
1898 1415 2154 1481 Faleriis
2199 1424 2493 1502 repertae.

1240 1680 2508 1766 novel-ivmomei·mmenva10

1047 1783 1387 1852 ravesce
1429 1807 1443 1822 ·
1483 1783 1675 1863 ρνει
1725 1807 1739 1821 ·
1786 1785 1869 1847 ιΝ
1929 1783 2300 1851 ςΑκοιΝιΑ
2340 1807 2355 1821 -
2397 1769 2565 1851 st’

1045 1887 1899 1954 nomm-oenenvnir
1991 1890 2028 1945 ι
2119 1882 2638 1953 ΛΛΑῦιετκειε

1043 1987 1605 2056 »tannis-ter
1659 1988 1952 2056 <sarx
2051 1986 2589 2056 xia-votur?

1040 2092 1746 2190 meoinavenom
1857 2095 1893 2148 ε
2422 2086 2481 2158 a

581 2342 962 2406 Deliueatam
1011 2342 1175 2407 edidi
1225 2352 1284 2406 et
1330 2343 1765 2428 interpretatus
1811 2363 1943 2409 sum
1989 2346 2047 2406 in
2099 2342 2254 2408 Diss.
2304 2345 2399 2407 dei
2447 2344 2593 2407 Can.
2639 2342 2829 2427 epigr.
2878 2341 2939 2404 di
2998 2342 3140 2405 Fed.

501 2443 738 2510 Ritschl
777 2452 892 2509 tav.
928 2467 983 2510 n.
1017 2454 1069 2519 t,
1106 2468 1161 2530 p.
1190 2451 1266 2510 33
1301 2467 1474 2531 seqq.
1523 2447 1775 2511 Falesce
1821 2453 1961 2510 sunt
2004 2443 2227 2510 Falisci
2274 2464 2395 2530 qno
2441 2466 2506 2509 se
2553 2444 2792 2509 nomine
2840 2444 3143 2529 appellant

504 2547 880 2613 Faleriorum
925 2547 1092 2613 cives
1137 2546 1197 2613 in
1249 2547 1563 2636 planitiem
1610 2549 1689 2614 ab
1737 2548 1989 2634 antiqua
2026 2550 2170 2614 sede
2200 2556 2482 2614 montana
2513 2547 2757 2614 deducti
2790 2569 2827 2613 a
2855 2546 3144 2613 Romanis

499 2650 665 2716 circa
699 2672 920 2717 annum
954 2674 1012 2717 u.
1051 2672 1100 2716 c.
1135 2656 1275 2716 546.
1323 2652 1637 2738 Templum
1671 2653 1935 2718 -Iunonis
1982 2651 2244 2731 Quiritis
2290 2651 2667 2716 Faliscorum
2715 2650 2965 2737 pristino
3008 2651 3144 2714 loco

498 2753 560 2817 in
608 2754 833 2840 oppido
882 2753 1118 2818 Falisco
1167 2756 1387 2819 mansit
1423 2763 1669 2840 propter
1707 2755 2100 2837 religionem,
2135 2756 2494 2842 coloniaque
2525 2775 2562 2819 a
2590 2756 2879 2820 Romanis
2908 2755 2969 2818 in
3002 2774 3140 2818 eum

498 2857 697 2921 locum
755 2856 1049 2940 deinceps
1108 2858 1369 2922 deducta
1426 2877 1642 2923 nomen
1704 2858 1819 2921 sibi
1881 2859 2157 2922 coloniae
2216 2858 2505 2923 Iunoniae
2559 2856 2933 2924 Faliscorum
2978 2857 3143 2921 fecit.

496 2957 619 3036 Qui
667 2961 848 3024 modo
896 2959 956 3023 in
1005 2960 1286 3024 Sardinia
1334 2960 1549 3025 Falisci
1598 2962 1949 3034 traduntur,
1997 2960 2293 3026 hactenus
2326 2960 2515 3044 ignoti
2555 2969 2750 3027 erant.
2793 2961 2912 3040 Qui
2951 2958 3002 3024 si
3043 2980 3145 3025 ne-

497 3058 800 3143 gotiorum
846 3080 1035 3127 causa
1079 3061 1139 3126 in
1187 3082 1259 3127 ea
1303 3060 1506 3128 insula
1551 3063 1949 3128 morabantur
1993 3084 2112 3127 non
2161 3070 2326 3128 re‘cte
2364 3083 2428 3127 se
2466 3062 2526 3126 in
2565 3063 2845 3128 Sardinia
2880 3083 3015 3128 esse
3051 3063 3145 3126 di-

496 3172 736 3240 cerent,
783 3165 893 3228 sed
940 3172 1005 3229 ut
1047 3165 1244 3229 Italici
1293 3165 1376 3229 illi
1426 3167 1527 3249 qui
1576 3166 2052 3246 negotiabantur
2094 3167 2341 3248 Argois,
2377 3165 2573 3248 magis
2607 3167 2808 3232 dicere
2842 3165 3147 3230 debebant

497 3265 601 3351 qui
647 3265 709 3329 in
758 3266 1045 3332 Sardinia
1093 3268 1491 3352 negotiantur.
1543 3268 1755 3353 Neque
1804 3285 1950 3350 vero
1998 3269 2141 3332 licet
2186 3267 2458 3353 opinari,
2504 3270 2664 3353 quod
2711 3267 3149 3333 Mommsenius

497 3372 848 3455 proposuit,
888 3392 998 3462 ⁸eos
1047 3371 1507 3456 peregrinantes
1554 3371 1612 3435 in
1660 3391 1733 3435 ea
1778 3370 2026 3456 regione
2075 3379 2213 3436 tunc
2263 3371 2552 3457 temporis
2597 3370 2811 3447 fuisse,
2858 3392 2981 3456 quo
3027 3371 3146 3434 diis

498 3474 704 3556 patriis
764 3474 984 3538 donum
1046 3475 1348 3538 miserunt.
1421 3473 1596 3551 Quae
1643 3475 1800 3538 enim
1850 3475 2005 3539 ratio
2053 3475 2367 3538 commoda
2417 3475 2586 3538 reddi
2629 3481 2829 3560 potest
2872 3494 2980 3538 cur
3024 3495 3140 3539 non

500 3575 744 3659 potius,
793 3583 857 3640 ut
900 3575 1360 3660 peregrinantes
1405 3575 1643 3654 solent,
1692 3577 1953 3640 reduces
1998 3579 2056 3640 in
2105 3576 2360 3662 patriam
2410 3576 2525 3641 diis
2571 3576 2899 3642 obtulerint
2943 3579 3145 3650 dona,

497 3698 678 3761 quam
727 3678 1002 3743 miserint
1049 3701 1118 3743 ex
1167 3679 1499 3763 longinqua
1544 3679 1795 3762 regione
1840 3679 1956 3764 ipsi
2005 3681 2358 3765 propediem
2406 3680 2762 3747 reversuri?
2806 3679 2917 3744 llis
2963 3679 3149 3764 igitur

495 3780 739 3845 reiectis
799 3781 1190 3868 opinionibus
1250 3803 1497 3848 causam
1546 3784 1822 3847 idoneam
1871 3802 1986 3846 non
2037 3781 2402 3848 habentibus
2450 3793 2651 3848 manet
2694 3783 2800 3848 illa
2842 3783 3148 3848 sententia

494 3902 672 3968 quam
713 3891 778 3948 ut
813 3905 957 3950 vero
994 3885 1357 3950 simillimam
1397 3887 1590 3971 posui.
1631 3885 1856 3949 Eadem
1905 3884 2143 3949 scilicet
2189 3892 2390 3950 aetate
2427 3907 2549 3970 qua
2587 3887 2839 3951 Romani
2879 3884 3149 3951 Faliscos

494 3987 787 4052 subactos
833 3987 895 4054 io
942 3988 1253 4073 planitiem
1300 3997 1634 4071 coegerunt
1679 3989 2055 4052 descendere
2101 3986 2308 4074 ibique
2357 3996 2571 4054 novam
2611 3989 2724 4054 sibi
2762 3990 2969 4054 sedem
3006 4007 3149 4052 con-

495 4090 660 4166 dere,
708 4111 846 4156 cum
893 4091 1235 4157 Sardiniam
1281 4093 1542 4157 insulam
1591 4100 1979 4177 occuparent,
2027 4089 2246 4168 visum,
2293 4113 2499 4157 eorum
2549 4091 2879 4158 iuventutis
2915 4099 3146 4178 partem

493 4193 557 4257 iu
601 4193 944 4258 Sardiniam
992 4195 1332 4270 deducere,
1382 4204 1446 4259 ut
1492 4214 1566 4259 ne
1615 4194 1778 4259 dorni
1826 4194 2231 4272 rebellarent,
2281 4202 2337 4258 et
2387 4195 2533 4259 soris
2577 4203 2777 4259 essent
2820 4194 3145 4280 praesidio.

496 4295 789 4377 Falesce‚
839 4297 923 4361 uti
973 4305 1069 4368 et,
1117 4301 1526 4370 coiraveront‚
1575 4298 1929 4363 vetustioris
1978 4297 2446 4383 orthographiae
2495 4297 2755 4380 vestigia
2801 4306 2982 4379 sunt3⁸
3018 4307 3151 4363 erat

495 4398 654 4463 enim
697 4399 814 4464 hac
859 4407 1058 4467 aetate
1104 4402 1489 4466 scribendum
1539 4400 1834 4466 Falisceis
1883 4405 1966 4466 uti
2013 4400 2124 4465 hac
2171 4402 2380 4465 eadem
2430 4401 2987 4466 lamina-scribitur
3022 4421 3151 4466 ma-

494 4502 769 4585 gistreis,
818 4510 878 4568 et
920 4505 1339 4581 coiraverunt,
1387 4504 1896 4588 quemadmodum
1945 4505 2275 4580 dederunt,
2314 4513 2482 4581 sunt,
2518 4515 2576 4568 et
2615 4506 2672 4568 in
2711 4503 3014 4570 anteriore
3049 4506 3141 4569 la-

494 4606 692 4672 minae
730 4607 884 4672 facie
922 4606 1235 4672 dederunt.
1276 4608 1432 4674 Nota
1463 4610 1884 4690 magistrorum
1918 4606 2126 4692 templi
2159 4606 2435 4673 nomina:
2473 4609 2536 4672 L.
2568 4607 2813 4673 Latrius
2844 4609 3145 4676 Kaesonis
