3440 5114
2785 292 2883 349 22⁷

268 421 408 483 900.
454 417 829 504 (ε642,ῒ>).
878 454 953 464 -—
997 418 1186 484 Glans
1232 418 1451 484 bellica
1498 420 1574 484 ad
1623 418 1852 521 Ennam
1900 415 2146 484 Siciliae
2191 416 2403 483 urbem
2449 394 2704 502 reperta.

1318 621 1863 697 12·t*150·1,·t=
2558 640 2610 686 a.
2655 642 2713 686 u.
2763 627 2906 688 62⁴.

1510 728 1667 798 <05

349 930 413 1010 L.
462 931 860 1018 Calpurnium
904 931 973 997 L.
1006 933 1043 998 f.
1079 932 1361 1002 Pisonem
1394 934 1702 1001 consulem
1735 933 1967 1000 Ennam
2001 933 2321 1003 obsidione
2352 931 2653 1021 pressisse
2686 952 2740 999 a.
2768 938 2908 1006 6⁴9,

263 1034 424 1120 quod
469 1043 634 1099 esset
677 1036 1085 1116 firmissimum
1130 1037 1521 1122 fugitivorum
1570 1036 1961 1124 praesidium,
2009 1045 2245 1103 constat
2289 1057 2361 1103 ex
2408 1036 2733 1122 glandibus
2779 1036 2907 1102 bel·

262 1134 391 1204 licis
435 1158 508 1203 eo
554 1139 687 1204 loco
734 1137 989 1225 reperiri
1036 1140 1256 1206 solitis:
1305 1160 1418 1206 nee
1465 1148 1663 1207 tamen
1712 1141 1844 1228 ipse
1889 1141 2049 1227 cepit
2092 1141 2200 1207 sed
2261 1140 2472 1207 consul
2528 1140 2908 1225 insequentis

267 1241 401 1306 anni
446 1241 743 1327 Rupilius

267 1557 406 1618 901.
452 1594 525 1605 —
572 1551 822 1621 Ibidem.

347 1947 509 2014 Misit
551 1948 912 2014 delineatam
961 1950 1037 2015 de
1084 1945 1342 2016 Minicis.

268 2261 408 2322 902.
456 2256 730 2342 (zeta).
778 2286 854 2296 —
896 2256 1107 2325 Enuae
1149 2263 1409 2346 reperta.

1498 2447 1681 2516 ΝΞΟ

353 2651 578 2715 Morem
625 2648 934 2732 glandium
978 2642 1499 2714 inscribendarum
1548 2669 1581 2712 a
1627 2649 1878 2713 Graecis
1924 2648 2173 2713 Romani
2234 2645 2518 2713 videntur
2574 2648 2906 2735 accepisse.

267 2752 692 2820 Vetustissima
734 2771 891 2839 quae
939 2751 1209 2819 teruntur
1255 2750 1532 2835 exempla
1575 2751 1883 2836 pertinent
1940 2749 2013 2815 ad
2075 2749 2453 2817 obsidionem
2517 2748 2860 2817 Ennensem
2891 2800 2905 2827 ‚

262 2856 796 2942 inscribunturque
842 2856 1086 2921 nomine
1131 2854 1400 2920 consulis
1444 2853 1701 2919 Pisonis.

265 3172 402 3233 903.
455 3170 524 3253 (=
551 3168 692 3244 550,
740 3166 900 3246 LIV,
933 3169 996 3244 A,
1044 3168 1133 3251 a).
1182 3212 1252 3220 *a
1302 3167 1498 3250 Prope
1548 3165 1834 3231 Hadriam
1884 3167 2182 3251 padanam
2229 3163 2453 3230 tabula.

1216 3394 1289 3457 Ρ·
1340 3394 1761 3461 ΡΟΡΙΗΔΧΙΒ
1810 3393 1957 3458 (·Ρ
2556 3406 2607 3449 a.
2655 3406 2715 3451 u.
2764 3389 2907 3450 622.

1509 3496 1663 3563 (08

1330 3599 1594 3669 „Lxxxt

346 3804 571 3886 Consul
619 3818 682 3884 P.
722 3819 1015 3904 Popillius
1050 3819 1281 3905 aliquot
1316 3818 1526 3884 ltatiae
1559 3819 1688 3882 vias
1720 3825 1825 3882 aut
1855 3820 2068 3883 stravit
2096 3817 2348 3903 primus,
2381 3823 2486 3883 aut
2515 3817 2908 3885 continuavit.

260 3924 407 3991 Tria
450 3924 528 3989 ab
573 3944 647 3989 eo
679 3923 809 3989 fora
844 3921 1091 3988 condita
1123 3929 1532 3997 numerantur,
1563 3922 1821 4005 primum
1859 3922 2020 4007 quod
2061 3919 2243 3988 hodie
2279 3928 2567 4005 corrupto
2606 3920 2902 3988 vocabulo

261 4026 693 4115 Forlimpopoli
741 4033 1124 4111 nuncupatur
1167 4045 1275 4090 sex
1320 4044 1606 4110 passuum
1656 4024 1913 4090 millibus
1958 4043 1994 4087 a
2025 4024 2315 4100 Caesena,
2347 4023 2686 4089 secundum
2715 4044 2909 4111 prope

261 4130 535 4216 Capuam
584 4129 744 4214 quod
793 4130 987 4194 serius
1031 4127 1308 4194 coloniae
1354 4130 1445 4192 ius
1492 4135 1551 4192 et
1595 4134 2057 4211 cognomentum
2106 4125 2358 4212 accepit.
2408 4126 2648 4191 tertium
2697 4127 2756 4191 in
2791 4125 2908 4193 Lu-

263 4232 483 4300 caniae
526 4231 791 4303 finibus.
841 4232 1013 4297 Polla
1055 4231 1235 4297 hodie
1281 4231 1520 4297 dicitur.
1572 4231 1680 4296 Via
1723 4229 1801 4295 ad
1860 4250 2042 4315 quam
2102 4228 2202 4295 bic
2262 4230 2554 4295 terminus
2611 4232 2778 4296 stetit
2830 4229 2908 4296 ab

261 4334 502 4403 Hadria
544 4335 828 4401 tendebat
889 4335 1241 4400 Ariminum.
1301 4334 1407 4399 Est
1464 4354 1605 4399 vero
1662 4333 1892 4399 formae
1951 4331 2283 4417 quadratae
2337 4332 2397 4397 in
2454 4339 2700 4398 acutum
2756 4331 2911 4399 infra

263 4440 567 4514 desinens,
613 4446 681 4505 ut
724 4445 1020 4524 appareat
1065 4436 1263 4504 terrae
1313 4438 1558 4504 infixum
1606 4436 1746 4502 olim
1792 4436 1999 4502 fuisse.
2046 4435 2358 4503 Citabatur
2404 4441 2649 4521 propter
2677 4438 2698 4498 i
2728 4454 2911 4521 super

260 4552 500 4610 ceteras
544 4544 778 4609 litteras
821 4540 1184 4608 eminentem
1228 4540 1290 4606 in
1338 4541 1625 4627 Popillio:
1677 4540 1852 4607 modo
1898 4538 2121 4605 scimus
2168 4558 2372 4606 errore
2418 4539 2477 4605 id
2526 4531 2751 4604 sactum
2786 4539 2911 4604 edi-

263 4649 429 4726 toris,
477 4647 573 4714 eui
617 4645 677 4712 in
724 4646 925 4733 lapide
973 4645 1226 4712 detritus
1273 4646 1441 4711 locus
1486 4646 1751 4730 speciem
1801 4643 2081 4730 praebuit
2125 4645 2146 4705 i
2193 4641 2718 4729 supereminentis.
