3440 5114
1045 471 1412 588 INDEX
1482 468 2145 607 GENERALIS
2221 472 2648 590 OPERIS

482 852 817 917 Pinarum
864 871 998 937 pag.
1046 854 1091 916 Ι.

990 1037 1482 1124 ΡνοΙοροηιοηοη
1531 1059 1685 1128 pars
1732 1043 1748 1110 Ι
1797 1060 1965 1129 quae
2009 1050 2107 1111 est
2151 1038 2711 1128 palaeoqraphica.

479 1172 569 1234 De
613 1172 847 1253 origine
894 1172 1197 1256 alphabeti
1238 1174 1403 1236 latini
1454 1192 1591 1259 pag.
1646 1182 1697 1238 t.

480 1258 571 1319 De
618 1257 807 1320 forma
851 1257 1183 1320 litterarum
1231 1257 1646 1322 vetustissima
1691 1268 1753 1325 et
1798 1278 2043 1324 numero
2089 1281 2144 1345 p.
2193 1266 2254 1323 2.

478 1340 570 1404 De
616 1339 834 1404 litteris
881 1360 1068 1424 supra
1111 1351 1449 1407 ceterarum
1497 1344 1740 1408 modum
1786 1345 2195 1408 eminentibus
2243 1364 2299 1428 p.
2347 1349 2402 1406 7.

477 1426 570 1488 De
613 1424 860 1490 variatis
904 1447 942 1487 a
988 1429 1008 1488 l
1047 1448 1085 1507 p
1129 1448 1168 1487 u
1214 1428 1421 1491 formis
1466 1447 1804 1514 earumque
1849 1432 2077 1493 ratione
2123 1450 2181 1513 p.
2229 1434 2287 1490 8.

480 1509 571 1573 De
617 1508 805 1592 signis
852 1529 1234 1576 numerorum
1282 1518 1344 1576 et
1389 1512 1724 1597 ponderum
1771 1534 1830 1597 p.
1879 1519 1972 1577 l3.

481 1594 572 1657 De
616 1593 836 1658 litteris
879 1596 1249 1676 retrogradis
1297 1617 1352 1681 p.
1404 1603 1501 1663 ⁴4.
1907 1596 1921 1609 ⁴
2613 1653 2625 1667 .

481 1680 574 1741 De
622 1679 905 1744 ductibus
943 1681 1144 1761 ligatis
1175 1701 1282 1745 seu
1313 1681 1388 1744 de
1412 1701 1566 1746 nexu
1593 1683 1949 1759 litterarum,
1980 1689 2270 1746 eteorum
2295 1681 2750 1746 scribendorum
2775 1683 3009 1744 ratione
3041 1702 3094 1765 p.
3120 1685 3140 1741 l
3163 1685 3216 1743 4.

481 1765 573 1827 De
620 1764 809 1845 signis
855 1765 932 1828 ad
979 1765 1299 1829 lectionem
1345 1765 1671 1830 iuvandam
1716 1769 1977 1831 inventis
2024 1788 2080 1850 p.
2136 1772 2234 1829 ⁴5.

1007 1947 1500 2034 prolegomenon
1549 1968 1702 2037 pars
1750 1949 1791 2017 ΙΙ
1838 1924 2145 2036 quae⁰est
2189 1947 2700 2035 orthographica.

480 2084 573 2145 De
619 2085 1081 2147 consonantium
1128 2085 1543 2169 duplicatione
1590 2108 1645 2170 p.
1696 2089 1793 2148 ⁴7.

478 2168 572 2230 De
615 2167 926 2231 vocalibus
973 2175 1033 2230 et
1076 2170 1551 2234 consonantibus
1597 2168 1822 2234 afflatis
1869 2191 1926 2253 p.
1979 2174 2075 2232 t9.

479 2252 571 2315 De
617 2251 1048 2315 assimilatione
1093 2257 1555 2317 consonantium
1605 2257 1665 2317 in
1711 2256 2064 2339 compositis
2110 2276 2165 2338 p.
2213 2258 2316 2315 21.

479 2338 569 2399 De
613 2357 641 2398 s
685 2335 1065 2400 redundante
1110 2345 1247 2420 post
1289 2358 1332 2399 a:
1377 2360 1434 2422 p.
1485 2343 1585 2403 22.

481 2421 571 2485 De
617 2419 1056 2505 permutatione
1105 2421 1439 2486 litterarum
1485 2445 1515 2485 c
1559 2431 1619 2487 et
1662 2446 1697 2506 q
1745 2422 2009 2487 affinium
2058 2444 2115 2506 p.
2165 2427 2263 2484 22.

480 2506 570 2569 De
616 2511 815 2569 aetate
860 2526 892 2565 o
936 2506 1169 2570 litterae
1209 2507 1268 2569 in
1316 2508 1587 2572 secunda
1632 2507 2047 2574 declinatione
2092 2525 2151 2589 p.
2201 2510 2301 2569 23.

479 2591 571 2653 De
616 2612 655 2651 u
699 2589 895 2653 vocali
941 2597 1081 2654 ante
1126 2592 1219 2654 vel
1268 2600 1402 2675 post
1444 2614 1477 2655 υ
1523 2602 1956 2658 consonantem
2002 2610 2180 2657 verso
2228 2592 2287 2653 in
2333 2612 2365 2651 o
2411 2613 2468 2675 p.
2517 2597 2614 2655 24.

478 2675 571 2742 De
617 2672 1061 2758 permutatione
1104 2698 1144 2739 u
1188 2675 1418 2740 vocalis
1464 2679 1525 2739 in
1572 2700 1622 2750 o,
1667 2681 1687 2739 i
1732 2681 1790 2742 in
1836 2700 1866 2739 e
1911 2680 1968 2741 in
2016 2674 2321 2741 radicibus
2370 2677 2804 2741 vocabulorum
2900 2729 2910 2739 .
2959 2682 3064 2741 24.

477 2759 571 2822 De
617 2757 1064 2843 permutatione
1111 2760 1536 2826 subiunctivae
1584 2764 1605 2823 i
1649 2765 1708 2826 in
1758 2762 2146 2845 diphthongis
2191 2767 2280 2835 ai,
2329 2763 2415 2835 oi,
2462 2769 2524 2824 et
2567 2762 2643 2824 de
2691 2760 2862 2845 dipht
2908 2782 3068 2844 ongo
3115 2786 3214 2837 on,

563 2862 642 2906 au
684 2845 745 2907 iu
791 2844 1102 2908 radicibus
1150 2846 1582 2932 vocabulorum
1632 2869 1687 2931 p.
1735 2852 1838 2909 25.

477 2928 570 2991 De
616 2926 992 3013 diphthongo
1035 2931 1089 2992 ei
1131 2936 1260 2994 orto
1306 2951 1381 2995 ex
1424 2952 1453 2992 e
1498 2939 1557 2994 et
1599 2934 1622 2993 i
1664 2939 1909 3016 praeter
1955 2932 2419 2995 declinationem
2467 2951 2526 3013 p.
2569 2933 2667 2991 27.

482 3014 574 3077 De
619 3016 1025 3096 geminatione
1071 3014 1367 3078 vocalium
1414 3037 1472 3100 p.
1521 3020 1619 3078 28.

478 3098 570 3161 De
614 3100 639 3159 i
684 3099 861 3179 longa
906 3098 1394 3181 supereminente
1445 3109 1821 3164 caeterarum
1870 3101 2208 3164 litterarum
2256 3118 2602 3163 mensuram
2647 3118 2704 3181 p.
2757 3105 2863 3164 29.

479 3184 572 3245 De
615 3201 765 3247 sono
812 3185 1074 3266 quodam
1120 3185 1319 3247 medio
1366 3204 1658 3269 expresso
1704 3205 1814 3270 per
1858 3188 1878 3246 i
1923 3184 2327 3269 duplicatum,
2373 3185 2471 3248 vel
2519 3185 2648 3248 eius
2696 3185 2955 3250 formam
3002 3205 3219 3269 super—

566 3268 929 3331 eminentem
974 3288 1033 3351 p.
1080 3273 1178 3331 30.
2225 3311 2264 3348 4.

478 3351 569 3414 De
613 3359 837 3435 puncto
885 3353 976 3416 vel
1023 3352 1254 3416 sicilico
1302 3353 1613 3417 vocalibus
1658 3355 1857 3436 longis
1901 3354 2371 3438 superimposito
2417 3374 2475 3437 p.
2524 3357 2624 3414 31.

477 3437 572 3501 De
616 3437 941 3501 omissione
986 3457 1044 3497 m
1086 3458 1114 3498 s
1158 3458 1198 3498 n
1242 3448 1262 3498 ι
1305 3459 1339 3499 r
1383 3440 1845 3503 consonantium
1889 3439 2160 3503 finalium
2207 3460 2270 3523 p.
2319 3442 2418 3501 32.

479 3521 573 3586 De
617 3521 1126 3586 declinationibus
1175 3530 1441 3587 veterum
1484 3523 1836 3589 Latinorum
1883 3546 1942 3608 p.
1989 3529 2091 3587 33.

480 3605 786 3687 Parergon
832 3607 859 3668 l
905 3608 981 3670 de
1030 3625 1209 3671 versu
1254 3609 1525 3672 saturnio
1572 3629 1630 3692 p.
1679 3614 1779 3673 37.

478 3691 786 3773 Parergon
816 3691 871 3755 ΙΙ
893 3692 968 3754 de
999 3691 1283 3755 festinata
1304 3692 1493 3756 forma
1517 3692 1856 3759 litterarum
1877 3694 2216 3768 latinarum,
2236 3712 2417 3776 quam
2441 3694 2745 3758 cursivam
2768 3692 3030 3758 dicimus
3047 3715 3106 3777 p.
3129 3697 3223 3756 to.

478 3775 760 3841 Canones
805 3776 1130 3860 palaeogra
1177 3777 1297 3840 hici
1344 3798 1400 3862 p.
1451 3781 1546 3843 42.

481 3859 759 3937 Canones
806 3862 1133 3945 orthograp
1178 3861 1251 3926 ici
1299 3882 1358 3945 p.
1408 3867 1507 3925 43.

1353 4046 1643 4136 Sylloqes
1689 4065 1844 4136 pars
1891 4046 2354 4117 numismatica.

477 4186 721 4254 Nummi
769 4187 1179 4249 Romanorum
1227 4186 1384 4270 typis
1433 4204 1551 4249 non
1599 4187 1865 4250 romanis
1909 4193 1968 4248 et
2012 4184 2290 4268 inscripti
2338 4185 2519 4247 Roma
2563 4206 2620 4268 p.
2674 4188 2772 4246 45.

480 4272 714 4338 Nummi
760 4270 1168 4334 Romanorum
1215 4268 1374 4355 typis
1425 4289 1542 4334 non
1590 4272 1856 4334 romanis
1901 4268 2180 4352 inscripti
2225 4272 2563 4342 Romanam,
2612 4270 2899 4346 Romano,
2949 4270 3226 4342 Roamos,

566 4360 842 4431 nummos,
891 4357 1116 4418 Romms
1161 4377 1221 4439 p.
1273 4360 1371 4419 48.

479 4440 727 4509 Nummi
793 4440 953 4525 typis
1013 4441 1279 4504 romanis
1339 4459 1475 4506 cum
1530 4439 1863 4525 epigraphe
1911 4446 1992 4513 V,
2054 4448 2129 4515 t«,
2183 4445 2456 4512 ROMA
2506 4444 2577 4515 Ρ,
2634 4445 2806 4502 extra
2865 4437 3093 4504 Urbem
3136 4438 3228 4502 vel

563 4527 858 4593 Luceriae
903 4524 1029 4590 flati
1074 4546 1134 4609 p.
1183 4531 1281 4590 5⁴.
