3440 5114
537 258 603 315 80

678 381 733 473 i)
782 386 1112 454 Lovcfikl
1160 378 1224 444 in
1273 380 1524 465 postica.

844 482 1041 570 Caput
1084 484 1350 555 Dianae,
1399 503 1587 573 supra
1633 483 1883 549 frontem
1933 486 2074 551 luna
2119 487 2354 553 falcata.

843 588 1031 650 Luna.
1369 643 1371 645 ,

764 691 832 753 1η
878 687 1277 754 Kircheriano
1324 699 1385 754 et
1428 690 1589 774 apud
1627 709 1749 764 me,
1783 693 2010 775 pendet
2040 711 2126 774 gr.
2161 697 2336 768 250.
2375 692 2631 759 Videtur
2663 714 2797 760 esse
2829 696 3155 761 semuncia.

677 795 742 873 k)
795 799 1128 865 LoVCERl
1177 791 1239 856 in
1284 794 1534 878 postica.

853 897 981 960 Duo
1027 898 1227 980 capita
1273 896 1697 961 Dioscororum
1747 897 1922 982 pileis
1968 898 2279 963 instructa.

846 1001 979 1065 Duo
1026 1001 1165 1084 equi
1212 1000 1517 1064 salientes
2048 1017 2065 1029 ·

763 1102 1017 1168 Videtur
1060 1123 1195 1167 esse
1242 1106 1572 1168 semuncia.

759 1207 1003 1270 Loucen'
1047 1224 1121 1269 ea
1167 1207 1585 1270 terminatione
1646 1205 1935 1291 scriptum
1996 1214 2085 1269 est
2144 1226 2262 1291 qua
2316 1209 2491 1285 Tiati,
2538 1211 2751 1276 eodem
2805 1213 3011 1296 itaque
3068 1220 3158 1277 est

588 1311 801 1396 opinor
847 1329 1010 1373 casu.
1060 1309 1363 1393 Oppidum
1412 1308 1787 1373 Tiatinorum
1837 1310 2119 1394 quoniam
2168 1311 2393 1397 duplici
2441 1314 2633 1379 forma
2677 1313 2943 1392 effertur,
2974 1315 3034 1380 id
3067 1323 3157 1380 est

590 1413 845 1477 Tianum
894 1419 954 1475 et
997 1411 1186 1487 Tiate,
1226 1431 1476 1475 necesse
1522 1419 1617 1476 est
1661 1419 1727 1476 ut
1770 1412 2106 1477 communis
2151 1415 2228 1478 sit
2273 1413 2444 1496 origo
2489 1415 2628 1481 Tia:
2675 1417 2814 1481 inde
2846 1416 3017 1482 Tiate
3048 1439 3157 1503 op-

588 1515 794 1601 pidum
842 1522 901 1579 et
944 1515 1093 1578 civis
1137 1512 1355 1592 Tiatis,
1402 1514 1696 1579 'l'iatinus
1747 1515 2061 1580 Ablativus
2093 1517 2247 1581 Tiati
2281 1525 2346 1583 ut
2384 1521 2516 1602 Opi,
2567 1521 2765 1598 Ταυτὶ,
2800 1522 2959 1596 Acri,
2999 1542 3155 1607 quae

593 1617 844 1704 perinde
891 1618 1313 1701 antiquissima
1357 1627 1512 1682 sunt.
1577 1617 1697 1682 Nec
1743 1618 1920 1682 aliter
1976 1619 2228 1686 Louceri
2285 1641 2356 1686 ex
2416 1623 2783 1688 nominativo
2837 1625 3053 1689 Loucer
3093 1634 3160 1688 ut

593 1725 792 1799 Tuder,
835 1721 1053 1784 Tradere
1088 1722 1176 1787 sic
1207 1722 1442 1797 Luam,
1471 1722 1742 1791 Loucert':
1774 1728 1867 1786 est
1896 1721 2053 1786 enim
2089 1725 2432 1808 promiscue
2463 1728 2813 1791 terminatus
2847 1727 2942 1791 hic
2977 1747 3155 1793 casus

591 1845 701 1909 per
746 1848 775 1888 e
819 1825 912 1888 vel
959 1842 1069 1910 per
1113 1825 1153 1887 i.
1199 1823 1457 1889 Tianum
1507 1822 1651 1889 Osci
1700 1824 1990 1908 Campani
2053 1826 2359 1891 declinant
2411 1828 2670 1893 ablativo
2724 1830 2930 1894 addita
2977 1850 3158 1914 para-

589 1928 807 2013 gogica
849 1930 914 2004 d,
965 1933 1336 1999 ssvmsslts‘r:
1380 1927 1724 1991 Latinorum
1766 1934 2065 2004 ΤΙΑΝΟ,
2105 1949 2283 2014 quem
2324 1929 2650 2012 genitivum
2689 1932 2981 2016 pluralem
3022 1954 3155 1998 esse

591 2029 753 2096 docti
803 2030 984 2094 hodie
1030 2037 1255 2107 tenent,
1287 2049 1395 2115 pro
1429 2030 1700 2101 Tianom,
1741 2039 1807 2094 ut
1835 2032 2104 2106 Romano,
2138 2051 2331 2116 aeque
2363 2035 2704 2105 Romanam,-
2738 2037 3023 2111 Αἰεενηὶο,
3051 2038 3157 2099 Ai-

586 2135 815 2197 sernino
848 2135 1192 2218 pariterque-
1221 2135 1555 2206 Aiserniom,
1586 2134 1974 2205 Mser-ninom,-
2008 2140 2204 2198 tamen
2240 2142 2305 2200 ut
2335 2137 2579 2220 quidam
2612 2139 2877 2202 sentiunt
2908 2141 2961 2202 in
2995 2140 3158 2205 Osca

586 2236 915 2323 epigraphe
947 2234 1246 2321 genitivus
1276 2242 1374 2300 est
1420 2242 1689 2308 ΜΥΙΤΝ
1713 2244 1837 2308 ΙΙΤ.
1885 2239 1959 2300 At
2003 2235 2101 2301 hic
2147 2258 2263 2303 non
2299 2239 2476 2304 video
2511 2260 2686 2325 quam
2720 2248 2887 2306 recte
2920 2242 3155 2308 dicatur

590 2346 804 2412 ΤΙΑΤΙ
875 2359 1010 2405 esse
1078 2339 1436 2404 vocabulum
1502 2337 1878 2405 imminutum
1946 2359 2053 2425 pro
2127 2341 2399 2419 Tiatiom,
2443 2340 2712 2426 itemque
2765 2344 3006 2407 Loucerz‘
3047 2366 3155 2431 pro

591 2446 942 2509 Leuceriom.
988 2443 1116 2508 Non
1163 2444 1321 2509 enim
1367 2441 1643 2526 procedit
1669 2450 2086 2524 argumentum
2123 2464 2260 2509 cum
2299 2453 2534 2509 constet
2568 2445 2792 2511 nullum
2832 2448 3158 2529 genitivum

596 2548 891 2634 pluralem
938 2546 1312 2612 imminutum
1360 2545 1651 2610 hactenus
1696 2546 1967 2610 extitisse
2013 2553 2080 2612 ut
2123 2547 2183 2611 in
2228 2570 2261 2610 o
2305 2547 2393 2613 sic
2437 2547 2498 2613 in
2544 2551 2601 2612 i:
2651 2557 2864 2614 contra
2909 2559 2970 2615 et
3012 2551 3156 2618 Osci

590 2659 652 2716 et
695 2651 889 2716 Latini
935 2650 1186 2717 flectunt
1229 2651 1288 2713 in
1334 2652 1410 2711 im
1454 2648 1658 2714 addita
1704 2656 2060 2716 constanter
2106 2651 2300 2716 littera
2341 2672 2426 2727 m,
2474 2659 2537 2717 ut
2582 2655 2883 2721 Aisernim.

507 3065 618 3130 76.
668 3063 738 3149 (=
761 3063 890 3145 26.)
935 3062 1006 3145 α)
1063 3061 1157 3139 NE
1197 3061 1254 3125 in
1302 3062 1514 3128 antica.

846 3164 996 3229 Tres
1042 3164 1289 3244 lunulae
1334 3164 1517 3247 gibbo
1564 3162 1676 3228 sibi
1725 3164 2057 3260 oppositae.

841 3268 1125 3332 Conchae
1172 3267 1420 3331 striatae
1466 3266 1730 3332 exterior
1774 3265 1981 3332 facies

761 3373 831 3435 ln
875 3368 1296 3444 Kircheriano,
1329 3370 1554 3455 pendet
1597 3390 1685 3455 gr.
1722 3370 1819 3445 39,
1845 3374 1960 3448 003
2013 3374 2107 3446 46,
2134 3375 2250 3448 503
2298 3371 2649 3437 referendus
2687 3371 2763 3436 ad
2803 3390 3003 3438 assem
3039 3393 3153 3437 un-

590 3478 840 3542 ciarum,
871 3481 1054 3547 v-vl.
1271 3471 1274 3475 ’

676 3579 739 3661 b)
791 3582 881 3663 χε
921 3575 983 3641 in
1031 3577 1250 3641 antica.

844 3679 1095 3767 Delphis
1141 3687 1203 3745 et
1246 3686 1391 3744 uota
1436 3679 1744 3745 sextantis.

845 3784 1011 3848 Idem
1061 3789 1255 3869 typus,

762 3889 830 3951 ld
873 3887 1291 3961 Kircheriano,
1339 3886 1563 3970 pendet
1606 3906 1692 3968 gr.
1746 3890 1844 3964 ⁴5,
1872 3891 1982 3964 903
2027 3891 2127 3962 22,
2158 3891 2265 3966 ⁴0;
2312 3887 2669 3953 referendus
2699 3887 2775 3954 ad
2809 3908 3005 3953 assem
3036 3908 3153 3953 un-

590 3993 817 4057 ciarum
867 3996 1078 4062 lll-lV-

674 4093 737 4176 c)
786 4101 881 4176 xf
927 4095 988 4156 in
1037 4093 1257 4157 antica.

839 4196 1087 4261 Lunula.

842 4300 1075 4365 Lunula
1120 4305 1181 4363 et
1226 4307 1364 4364 nota
1410 4301 1647 4364 unciae.
1688 4265 1700 4275 .

763 4403 868 4472 Est
909 4405 968 4468 in
1015 4403 1135 4470 tab.
1185 4402 1528 4469 Carelliana
1571 4401 1849 4470 XXClX.
1906 4409 2000 4468 lt.
