3440 5114
2815 292 2882 347 49

352 410 428 473 ad
462 410 910 491 Tormarangio,
951 431 1104 496 quae
1144 420 1238 476 est
1278 415 1450 478 turris
1482 413 1946 478 amarantbiana
1979 413 2199 496 (vicum
2235 412 2383 477 dixit
2418 413 2904 495 Mommseniusjz

353 511 576 578 illatum
623 521 715 576 est
758 513 815 577 in
866 514 1141 579 Museum
1190 514 1648 581 Kircherianum
1697 538 1730 580 a
1781 514 2069 582 Marcbio.

272 620 365 677 19.
414 617 482 696 (z
515 617 634 695 13.)
691 623 1069 689 ΒΟΜΑΝΟ
1115 619 1170 681 in
1218 621 1471 703 postica.

597 719 793 804 Caput
838 720 1045 785 Martis
1091 721 1328 786 barbati
1377 724 1551 804 galea
1597 732 1851 788 tectum:
1899 743 2055 811 pone
2101 724 2480 788 ramusculus
2528 708 2812 807 quernus

600 824 873 887 Protome
921 825 1060 909 equi
1108 826 1353 889 frenati:
1404 847 1556 910 pone
1605 826 1798 911 spica.

518 926 810 990 Denarius
856 935 948 990 est
992 937 1338 1009 mgentem,
1386 927 1560 994 cuius
1606 937 1771 993 extat
1807 930 2014 994 libella
2053 928 2347 1012 inscripta
2399 936 2640 1002 ROMA
2691 927 2905 992 iisdem

350 1026 505 1111 typis
551 1027 712 1092 edita
758 1048 793 1090 a
840 1028 1141 1101 Fiorellio,
1192 1033 1343 1094 Ann.
1392 1031 1448 1094 di
1500 1034 1781 1095 Numism.
1819 1037 1998 1107 -t846,
2032 1053 2086 1116 p.
2119 1039 2218 1105 Q3,
2266 1033 2372 1096 sed
2421 1032 2565 1095 mibi
2613 1052 2729 1095 non
2780 1032 2907 1095 visa

348 1128 407 1193 in
455 1151 573 1215 qua
621 1129 881 1196 omissus
926 1133 1003 1196 ab
1050 1132 1278 1197 editore
1326 1136 1703 1199 ramusculus
1735 1187 1748 1211 ,
1797 1136 1854 1198 in
1906 1156 2144 1200 nummo
2193 1136 2438 1209 detritu,
2487 1136 2662 1199 facile.
2711 1133 2904 1198 aciem

349 1231 628 1297 intuentis
674 1235 891 1299 clusit:
940 1234 1253 1321 inscriptio
1302 1237 1444 1300 mihi
1498 1237 1736 1302 videtur
1781 1239 2094 1304 imminuta
2138 1240 2375 1303 defectu
2423 1237 2675 1313 metalli,
2724 1245 2905 1321 atque

349 1337 685 1420 supplenda
737 1344 1082 1411 ROMAno.

254 1444 363 1501 ΞΟ.
413 1440 664 1523 (=13a)
713 1442 776 1525 a)
832 1448 1204 1513 ROMANO
1251 1443 1308 1506 in
1358 1445 1557 1508 antica
1605 1453 1665 1509 et
1709 1445 1958 1527 postica.

600 1544 793 1630 Caput
836 1546 989 1611 deae
1033 1546 1357 1629 galeatum.
1961 1540 1970 1555 ’

598 1647 876 1712 Protome
925 1650 1062 1734 equi
1111 1649 1347 1714 frenati.

432 1753 490 1832 b)
548 1756 922 1824 ROMANO
969 1752 1028 1816 in
1076 1752 1328 1837 postica.

515 1852 699 1917 Iidem
749 1853 889 1939 typi.
941 1855 1069 1919 Sub
1114 1864 1383 1939 protome
1430 1856 1568 1942 equi
1617 1857 1673 1920 in
1717 1859 1950 1943 postica
1980 1856 2198 1939 legitur
2229 1863 2414 1929 SVES
2448 1858 2658 1921 litteris
2693 1856 2905 1921 leviter

346 1957 683 2020 extantibus
715 1956 972 2022 sortasse
1004 1977 1078 2022 ex
1112 1979 1474 2043 repercusso
1508 1982 1747 2024 nummo
1781 1962 2058 2025 Suesano
2095 1962 2488 2026 manentibus
2523 1960 2903 2025 FuitRomae

343 2060 505 2143 apud
552 2059 851 2143 Depoletti
900 2061 1335 2144 negotiatorem
1383 2062 1812 2147 antiquarium.

425 2163 911 2242 c)'30MA05t‚
967 2171 1370 2239 ROMMOC‚
1427 2173 1779 2237 ROMAAC
1830 2165 1988 2253 lypis
2034 2165 2269 2232 iisdem-

513 2287 568 2329 α.
616 2270 664 2329 b.
710 2289 756 2330 c.
804 2267 974 2332 aenei
1022 2275 1161 2332 sunt
1206 2270 1471 2354 pendere
1520 2270 1680 2333 soliti
1729 2290 1815 2351 gr.
1864 2271 2028 2334 circa
2076 2274 2215 2333 6-7.

508 2369 657 2433 Tres
705 2370 762 2433 hi
813 2370 1036 2435 nummi
1084 2371 1195 2450 sub
1244 2372 1437 2461 littera
1469 2395 1499 2436 c
1541 2373 1713 2436 relati
1750 2393 1867 2436 non
1902 2372 2183 2438 differunt
2213 2393 2248 2436 a
2279 2364 2684 2456 ¹praecedente
2719 2375 2748 2433 b
2788 2372 2899 2436 nisi

343 2471 493 2535 tituli
540 2473 988 2560 orthographia.
1041 2475 1102 2538 ln
1152 2474 1344 2559 primo
1392 2475 1593 2553 etiam,
1642 2496 1820 2559 quem
1864 2475 2074 2560 accepi
2110 2496 2144 2539 a
2175 2474 2470 2550 LovattiO,
2503 2475 2736 2538 accedit
2766 2496 2903 2562 gry-

338 2576 492 2660 phus
536 2579 593 2640 in
640 2579 791 2642 deae
837 2578 1028 2660 galea.
1078 2579 1225 2643 Cum
1275 2578 1467 2660 sigma
1500 2580 1746 2643 lunulae
1784 2578 1978 2643 simile
2012 2600 2315 2662 nunquam
2349 2577 2682 2643 adhibitum
2719 2580 2795 2643 sit
2825 2580 2900 2643 ab

336 2678 667 2745 artificibus
713 2681 1075 2765 CampaniS,
1127 2691 1476 2767 usurpatum
1528 2704 1669 2747 vero
1717 2690 2011 2768 appareat
2054 2681 2111 2744 in
2163 2682 2335 2744 ltalia
2382 2702 2416 2745 a
2459 2682 2795 2746 Tarentinis
2846 2691 2904 2746 et

334 2783 654 2847 Asculanis
701 2784 912 2867 apulis,
962 2783 1098 2848 inde
1146 2786 1488 2849 necessario
1538 2787 1900 2850 deducimus
1934 2784 2010 2849 ab
2045 2783 2381 2848 artificibus
2429 2785 2663 2866 graecis
2699 2788 2903 2861 luisse,

339 2885 430 2950 vel
480 2885 943 2951 Tarentinorum
1004 2888 1097 2951 vel
1158 2887 1598 2953 Asculanorum
1646 2888 1899 2972 Apuliae
1947 2889 2328 2972 aliarumque
2378 2890 2730 2969 regionum,
2796 2891 2899 2974 qui

339 2989 600 3055 barbara
634 2989 1085 3075 promiscuitate.
1118 2991 1417 3076 alphabeti
1456 2991 1622 3054 latini
1658 3000 1716 3055 et
1747 2990 1969 3073 graeci,
2009 2992 2270 3054 barbara
2305 2990 2484 3054 etiam
2520 2993 2902 3074 corruptione

341 3091 525 3162 vocis,
560 3091 988 3176 insculpserint
1018 3086 1287 3168 Itbamos,
1324 3096 1609 3171 Rommos,
1646 3096 1868 3157 Romms
1901 3102 1961 3157 et
1993 3093 2231 3167 similia,
2265 3115 2372 3178 pro
2408 3096 2701 3167 Romanos,
2739 3095 2898 3177 quod

338 3203 500 3279 patet
560 3216 666 3259 eos
725 3196 992 3260 voluisse
1041 3197 1115 3260 ad
1165 3217 1444 3278 graecam
1501 3196 1999 3262 consuetudinem
2049 3218 2424 3261 nummorum
2474 3198 2900 3281 inscriptorum

339 3303 921 3370 ΤΑΡΑΝΤΙΝΟ(
972 3300 1316 3382 (roffi-4⁴⁰5),
1365 3307 1777 3374 ΥΡΙΑΝΟΞ,
1834 3305 2336 3373 ΚΑΜΠΑΝΟἙ.

416 3403 483 3480 d)
535 3402 598 3465 ln
634 3402 844 3467 Museo
878 3400 1221 3466 Britannico
1256 3403 1393 3466 olim
1432 3404 1547 3465 vidi
1586 3424 1889 3467 iinmmum
1923 3403 2217 3468 eiusmodi
2253 3404 2605 3486 inscriptum
2642 3410 2888 3475 ΧΟΜΑ

339 3511 461 3573 Vlll
511 3512 564 3574 Τ
610 3507 773 3569 circa
820 3514 1132 3590 protomen
1180 3508 1317 3589 equi
1366 3505 1611 3569 frenati:
1662 3527 1819 3590 pone
1865 3514 2113 3570 astrum.

594 3609 659 3671 ln
707 3608 910 3672 antica
956 3617 1139 3692 caput
1174 3607 1431 3673 iuvenile
1471 3611 1875 3674 diadematum
1915 3631 2069 3694 pone
2110 3610 2376 3673 meandri
2418 3610 2652 3692 signum
2699 3624 2761 3669 tn
2806 3626 2898 3673 m.

508 3713 677 3776 luvat
742 3711 832 3776 bis
899 3714 1175 3777 conferre
1244 3734 1549 3778 nummum
1623 3712 1798 3776 simili
1872 3720 2011 3798 typo
2074 3723 2131 3776 et
2192 3712 2545 3798 inscriptum
2622 3721 2898 3789 ΚΑΖΙΟ,

335 3836 514 3899 quem
577 3813 694 3877 vidi
754 3815 810 3878 in
873 3815 1083 3880 Museo
1134 3815 1473 3880 Florentino
1521 3818 1593 3879 ab
1643 3817 1846 3899 aliquo
1892 3816 2161 3902 principe
2208 3817 2365 3901 gallo
2414 3816 2607 3881 (Iassii
2659 3817 2897 3880 nomine

339 3937 717 4002 percussum.

244 4024 352 4083 2¹.
407 4022 655 4102 (2130)
713 4025 1091 4092 ΒΟΜΛΝΟ
1137 4021 1192 4084 in
1244 4023 1494 4108 postica.

587 4124 783 4207 Caput
828 4122 1106 4188 Herculis
1154 4123 1444 4188 imberbis
1489 4124 1918 4202 diadematum,
1965 4125 2193 4190 habens
2230 4127 2488 4210 spolium
2525 4125 2712 4189 leonis
2747 4125 2898 4190 nodo

670 4227 1059 4291 constrictum
1107 4230 1266 4292 circa
1314 4229 1531 4292 collum
1581 4235 1641 4292 et
1686 4229 1938 4291 clavam.

588 4329 755 4415 Lupa
801 4332 1069 4412 geminos
1116 4331 1363 4395 lactans.

504 4432 801 4497 Denarius
846 4440 1170 4515 argenteus
1216 4435 1482 4517 pendens
1532 4456 1620 4517 gr.
1669 4435 1811 4517 gall.
1857 4435 2120 4520 amplius
2167 4443 2418 4520 septem.

244 4539 348 4599 22.
402 4534 654 4616 (=t3b)
706 4542 1078 4607 ΚΟΜΑΝΟ
1123 4538 1213 4600 vel
1268 4545 1651 4610 ROMANO
1700 4540 1758 4602 in
1807 4537 2021 4603 antica.

172 4644 186 4651 ⁴
588 4638 779 4724 Caput
824 4637 1114 4725 Apollinis
1162 4642 1496 4707 laureatum
1548 4641 1709 4706 fluxo
1758 4642 1999 4728 capillo.
