3440 5114
2802 263 2888 322 151

277 379 417 440 507.
471 377 717 464 (Suppl.
772 377 854 456 ll,
904 380 1021 442 tab.
1067 380 1117 442 Il
1169 380 1269 463 C).
1323 417 1398 425 —-
1449 376 1699 465 Neapoli
1750 381 1907 468 apud
1956 379 2416 464 negotiatorem.

711 520 730 550 Χ

499 596 593 661 ·Ι(·
646 590 909 656 ΑΤΙΙνΙΟ
1244 585 1450 650 Edidit
1496 585 1864 651 Ritschelius
1909 587 2022 652 loc.
2055 588 2152 653 cit.
2192 610 2265 654 ex
2314 586 2728 653 delineatione
2774 591 2926 654 Det-

1170 691 1401 755 lelseni.
1451 692 1676 755 Littera
1723 698 1786 763 0
1836 700 1928 755 est
1972 693 2203 757 mediae
2254 694 2495 758 formae.
2546 693 2922 757 praenomen

284 791 502 870 Kais0,
549 794 722 857 cuius
768 813 955 858 causa
999 792 1194 857 Latini
1240 793 1497 858 litteram
1550 801 1592 865 Κ
1640 804 2030 878 receperunt,
2083 807 2143 860 ut
2188 818 2223 862 a
2272 799 2662 880 praenomine
2710 804 2753 869 ζ
2798 798 2925 859 sive

292 895 478 960 Cavio
526 897 688 981 quod
738 904 875 961 tunc
920 916 1027 982 pro
1075 898 1265 961 Gavio
1313 899 1691 962 scribebatur
1735 898 1862 963 sive
1908 898 2055 964 Caio
2113 900 2572 981 distinguerent.
2641 899 2927 963 Elemen-

289 1006 413 1063 tum
479 1004 521 1070 Κ
580 999 799 1065 Graeci
859 1020 1055 1084 aeque
1115 1021 1187 1065 ac
1245 1002 1439 1065 Latini
1497 1003 1827 1085 aliquando
1875 1005 1959 1067 ita
2002 1001 2276 1067 scribunt
2323 1012 2385 1067 ut
2433 1002 2648 1067 lineam
2697 1010 2926 1067 rectam

289 1100 450 1167 linea
507 1104 696 1168 altera
755 1123 861 1168 seu
920 1124 1108 1168 curva
1155 1107 1393 1183 ea'sit,
1449 1106 1576 1169 sive
1625 1107 1682 1169 in
1733 1108 2018 1188 angulum
2069 1107 2299 1179 fracta,
2350 1126 2464 1169 non
2517 1113 2764 1188 tangat,
2819 1106 2926 1169 sed

290 1226 482 1291 prope
527 1208 779 1272 accedat
823 1206 882 1271 in
930 1207 1089 1273 hunc
1126 1209 1367 1272 modum
1419 1214 1483 1280 l<
1534 1215 1617 1279 l<.
1667 1209 1960 1274 Punctum
1996 1208 2210 1291 siglam
2247 1210 2614 1293 praecedens
2642 1209 2934 1296 exemplis

292 1318 457 1376 caret
501 1318 695 1375 aetate
742 1310 853 1376 hac
897 1310 1122 1375 liberae
1170 1313 1253 1375 rei
1300 1312 1598 1396 publicae.
1647 1312 1907 1378 Saeculo
1953 1321 2162 1377 octavo
2209 1313 2534 1399 incipiente
2579 1313 2643 1377 T.
2677 1313 2931 1379 Clodius

290 1414 352 1476 in
410 1432 594 1479 aureo
653 1435 894 1479 nummo
940 1414 1156 1496 siglam
1201 1417 1610 1499 praenominis
1657 1417 1745 1481 sic
1789 1418 2074 1501 scriptam
2123 1417 2374 1501 praebet
2445 1445 2459 1459 ·
2490 1423 2543 1487 Μ
2577 1444 2592 1460 ·
2625 1423 2695 1487 Ρ.
2769 1416 2933 1480 Cave

296 1525 495 1581 tamen
544 1538 616 1582 ne
662 1517 778 1583 hoc
823 1522 1123 1603 tamquam
1172 1520 1442 1605 exemplo
1490 1520 1709 1583 utaris:
1758 1540 1894 1584 nam
1942 1526 2228 1604 punctum
2274 1519 2444 1584 initio
2476 1520 2785 1604 appictum
2820 1526 2932 1594 est,

294 1619 515 1687 indicio
563 1629 627 1685 ut
669 1630 833 1687 esset
878 1622 1156 1690 lectionis
1204 1624 1648 1689 continuandae
1696 1643 1831 1688 cum
1881 1644 2058 1689 versu
2106 1621 2448 1708 superiore.

1397 1784 1449 1849 Τ
1484 1807 1498 1822 ·
1526 1783 1871 1851 (LODlVS

1393 1908 1408 1924 .
1442 1885 1497 1950 Μ
1533 1909 1546 1924 .
1582 1888 1621 1952 f:
1872 1928 1885 1935 ,

301 2042 442 2102 508.
493 2072 570 2084 -
619 2036 866 2103 Calibus
913 2047 1234 2122 repertum.

523 2246 602 2311 Κ·
629 2247 916 2313 Mimo
1254 2239 1487 2305 Prodiit
1531 2242 1587 2304 in
1639 2242 1890 2306 Iudicat.
1938 2242 2239 2307 archaeol.
2283 2239 2624 2324 (Archaeol.
2658 2238 2938 2322 Anzeig.)

1176 2349 1335 2408 t863
1384 2365 1442 2430 p.
1487 2348 1596 2409 79:
1646 2346 1896 2410 tractavi
1943 2346 2001 2406 in
2053 2346 2209 2409 Diss.
2256 2348 2352 2407 cit.
2398 2364 2456 2429 p.
2508 2351 2602 2409 to.

308 2527 451 2614 509.
503 2551 782 2633 (24499,
825 2549 912 2615 xl
959 2550 1066 2634 K).
1128 2587 1210 2598 -—
1265 2548 1332 2614 In
1381 2549 1699 2615 manubrio
1746 2550 1976 2615 vasculi
2023 2571 2095 2616 ex
2144 2557 2309 2615 creta
2355 2550 2609 2616 caoliua.
2659 2548 2835 2616 Extat
2880 2551 2940 2615 in

606 2672 813 2719 museo
859 2654 1275 2717 Kircheriano.
1311 2729 1316 2742 ⁵

531 2866 581 2929 Π
615 2887 631 2902 ·
657 2865 841 2933 <Am
1185 2858 1489 2942 Descripsi
1529 2858 1813 2941 edidique
1851 2858 1910 2923 in
1948 2858 2151 2941 Epigr.
2188 2878 2388 2942 pomp.
2424 2856 2678 2943 graphio
2708 2842 2948 2944 scriptis

523 2995 528 3000 -
1103 2981 1159 3044 p.
1195 2965 1307 3036 25,
1357 2961 1513 3026 unde
1550 2963 1806 3046 sumpsit
1838 2961 2221 3024 Ritschelius.
2275 2962 2582 3043 integrum
2613 2963 2949 3042 vasculum,

311 3065 526 3130 eodem
574 3063 806 3146 sigillo,
854 3062 1058 3128 Vulcis
1105 3063 1327 3128 vidisse
1361 3085 1424 3127 se
1457 3065 1726 3128 narravit
1768 3064 2105 3141 BrunniuS‚
2140 3072 2195 3126 et
2230 3065 2535 3128 ferebatur
2560 3084 2635 3158 ρο
2669 3066 2727 3128 ἰη
2763 3065 2948 3151 hypo-

312 3187 468 3250 gaeo
515 3165 868 3240 inventum,
929 3187 1001 3230 ex
1047 3187 1167 3251 quo
1212 3186 1347 3233 mea
1393 3186 1578 3251 opera
1625 3167 1937 3231 Mastarna
1983 3185 2115 3231 cum
2166 3166 2407 3231 duobus
2455 3164 2751 3231 Vibennis
2806 3169 2971 3231 Aulo'

313 3277 376 3336 et
417 3269 629 3335 Caelio
674 3269 1025 3356 prodierunt
1072 3268 1134 3334 in
1185 3271 1397 3335 lucem.

315 3481 452 3540 510.
479 3513 560 3523 —
593 3476 657 3540 ln
685 3459 1248 3561 vasculo'capenate
1281 3476 1491 3540 litteris
1517 3475 1864 3540 extantibus
1891 3477 2004 3540 sub
2032 3476 2230 3559 sigillo
2257 3473 2604 3560 delphinum
2634 3474 2953 3549 referente,

612 3600 666 3645 v.
714 3587 750 3645 t.
799 3580 848 3644 ll
875 3633 885 3656 ,
937 3585 990 3644 3.

546 3790 675 3858 <Etr
1016 3785 1338 3851 Vasculum
1385 3785 1636 3870 graphio
1679 3786 2035 3870 inscriptum
2073 3806 2301 3869 quaere
2334 3786 2491 3849 infra
2521 3784 2582 3848 in
2614 3784 2960 3871 epigraphis

923 3890 1340 3976 capenatibuS.
1402 3889 1520 3968 Qui
1582 3889 1904 3973 descripsit
1949 3891 2205 3975 graphio
2253 3897 2521 3954 notatam
2583 3888 2959 3976 epigraphen

319 3991 669 4061 Henzenius
714 4014 931 4060 nomen
979 3992 1208 4059 Celeris
1253 3991 1419 4077 figuli
1469 4014 1586 4057 non
1637 3993 1816 4069 vidit,
1868 4002 1960 4058 est
2007 3992 2164 4058 enim
2213 3994 2429 4057 litteris
2460 3993 2824 4078 impressum
2857 3994 2967 4056 mi-

323 4099 655 4163 nutissimis
701 4106 887 4185 atque
933 4097 1124 4163 aciem
1174 4097 1558 4179 fugientibus

325 4309 464 4369 5⁴1.
515 4340 590 4351 -—-
637 4303 704 4369 In
743 4305 971 4370 formae
1010 4311 1313 4368 testaceae
1350 4303 1640 4388 parvulae
1675 4304 1926 4386 postica,
1959 4302 2182 4367 litteris
2213 4302 2351 4366 stilo
2385 4303 2720 4385 impressis.
2756 4285 2969 4365 Antica

621 4415 805 4491 caput
848 4407 1028 4471 hahet
1075 4406 1303 4488 egregii
1353 4407 1552 4491 operis
1601 4406 1827 4471 hedera
1873 4413 1930 4469 et
1977 4406 2278 4469 lemniscis
2325 4405 2692 4470 redimitum.

546 4619 582 4684 p
610 4640 625 4656 .
660 4619 716 4685 Μ
1063 4599 1388 4697 Descripsi.
1434 4611 1631 4696 Siglas
1679 4616 1717 4681 t«
1752 4641 1766 4655 ·
1805 4617 1859 4682 Μ
1914 4631 2131 4676 nomen
2180 4611 2432 4675 artificis
2477 4612 2707 4675 referre
2753 4619 2917 4696 puto.
