3440 5114
2804 288 2899 345 145

283 435 508 501 ponere
541 416 765 491 solitos,
796 415 946 479 alios
980 435 1125 478 non:
1160 422 1227 478 ut
1257 415 1419 496 quod
1452 414 1667 499 partim
1700 413 1908 477 dicunt
1940 420 2317 497 scaeptrum,
2351 414 2565 497 partim
2600 421 2927 498 sceptrum,

285 519 382 581 alii
431 519 675 592 faenus,
722 518 822 582 alii
873 518 1065 581 fenus.
1117 517 1341 581 Contra
1389 515 1486 579 bic
1536 518 1808 580 videmus
1855 539 1884 577 e
1932 522 2067 600 post
2111 538 2147 579 a
2192 517 2268 580 ab
2316 515 2619 601 aliquibus
2667 516 2926 600 positum

281 626 348 683 ut
390 619 493 683 alii
535 622 863 695 Saturnus,
896 622 994 684 alii
1030 619 1366 685 Saeturnus
1397 620 1702 699 dicerent,
1735 638 1809 683 ea
1842 618 2108 697 ratione,
2142 639 2263 703 qua
2292 619 2581 683 Paniscos
2614 619 2926 684 Painiscos

278 726 771 807 pronuntiarent,
817 724 1163 809 Asclepius,
1212 723 1574 806 AisclapiuS.

287 935 422 995 482.
473 932 543 1013 (z
576 936 669 1006 49,
717 931 773 994 X
822 930 967 1014 Ff).
1018 967 1097 975 —
1146 930 1233 993 Ex
1279 948 1350 1011 ag„
1336 949 1423 993 ro
1472 928 1726 994 hortano
1775 929 2055 993 allatum:
2103 929 2351 995 nuncin
2384 948 2588 994 museo
2619 927 2925 995 Vaticano.

1181 1088 1573 1156 §nirvi'fis-
1607 1087 2020 1154 ΡΟΕΟΙὈΜ

365 1240 521 1303 Puer
565 1239 761 1302 alatus
810 1236 976 1302 tibiis
1023 1257 1266 1303 canens.

367 1340 695 1425 Descripsi.
771 1341 1044 1404 Notabile
1105 1348 1198 1404 est
1263 1347 1301 1411 Ρ
1362 1340 1627 1405 clausum
1677 1341 1736 1403 in
1786 1359 1933 1404 voce
1982 1340 2255 1423 pocolom
2305 1340 2468 1423 quod
2516 1348 2716 1402 tamen
2760 1340 2918 1404 male

279 1452 556 1529 apertum
589 1444 1066 1528 repraesentavit
1100 1444 1550 1508 Mommsenius.
1586 1444 1854 1508 Salutem
1891 1444 2130 1507 coluere
2162 1441 2423 1526 antiqui,
2461 1444 2636 1507 inane
2668 1442 2918 1525 figmen-

277 1556 433 1622 tum,
481 1555 544 1611 ut
588 1548 940 1623 Fortunam,
989 1547 1209 1630 quibus
1259 1547 1433 1610 tidem
1474 1546 1696 1610 nullam
1732 1546 2069 1610 habendam
2103 1566 2236 1610 esse
2271 1546 2579 1630 praedicat
2609 1545 2917 1630 plautinus

277 1651 656 1736 Argyrippus
702 1652 762 1714 in
808 1650 1087 1714 Asinaria
1134 1642 1617 1773 1113iii‚437
1665 1650 1782 1714 illis
1826 1649 2061 1713 verbis:

1669 1760 1951 1836 exoptata
1996 1753 2312 1836 obtingent

742 1856 826 1939 Ut¹
859 1875 1262 1933 consuevere,
1312 1856 1586 1920 homines
1635 1856 1814 1921 Salus
1860 1857 2182 1921 frustratur
2228 1863 2288 1919 et
2330 1855 2610 1921 Fortuna.

281 2068 420 2127 483.
472 2064 669 2147 (1:50,
718 2063 768 2126 X
817 2062 975 2146 Cc).
1022 2098 1103 2107 ——
1149 2062 1215 2124 In
1264 2081 1407 2143 agro
1456 2060 1854 2145 tarquiniensi
1900 2050 2225 2125 inventum.

1171 2218 1532 2288 VOerANt
1568 2244 1582 2258 ·
1612 2219 2024 2287 POCOerM

364 2372 524 2436 Puer
570 2373 763 2437 alatus
808 2371 1174 2436 alabastrum
1224 2368 1471 2435 sinistra
1515 2378 1763 2434 tenens:
1811 2390 1989 2464 pone·
2016 2369 2223 2434 herma
2266 2368 2570 2433 barbatus.

1175 2584 1179 2589 ’
1275 2601 1436 2655 vasu,
1474 2601 1708 2652 supellex
1749 2595 1917 2644 varin.

280 2789 421 2849 ⁴84.
466 2786 538 2869 (2-
571 2788 703 2859 166,
737 2781 791 2845 Χ
827 2782 930 2867 Η).
975 2820 1052 2829 -
1087 2784 1172 2848 Ex
1207 2782 1468 2847 Ardeate
1497 2782 1749 2845 Romam
1782 2781 2099 2845 advectum
2133 2779 2298 2844 vasis
2329 2781 2577 2845 testacei
2610 2781 2915 2866 fragmen-

572 2894 728 2965 tum,
776 2895 835 2952 et
880 2908 989 2973 per
1034 2906 1126 2950 me
1173 2886 1232 2949 in
1281 2905 1553 2951 museum
1598 2883 2061 2979 Kircherianum
2107 2882 2367 2963 illatum,
2414 2908 2467 2952 v.
2514 2884 2636 2950 tab.
2679 2884 2742 2960 Ι,
2788 2890 2848 2949 3.

1008 3072 1200 3203 {mo
1231 3121 1244 3136 ·
1277 3093 1666 3163 vamum!
1704 3119 1718 3133 ·
1751 3096 2057 3162 οοΝοΜ
2093 3068 2178 3199 «l

360 3300 467 3363 Est
523 3299 610 3363 ori
668 3300 827 3363 vasis
886 3283 1071 3363 illitus
1128 3297 1415 3383 penicillo
1463 3299 1671 3362 titulus
1718 3297 1922 3362 colore
1972 3297 2147 3373 albo,
2194 3316 2261 3361 os
2306 3299 2499 3384 patuit
2540 3299 2911 3364 centimetris

270 3405 486 3466 decem
533 3410 592 3465 et
638 3409 773 3466 octo
821 3402 994 3467 cuius
1040 3403 1164 3464 sere
1212 3401 1455 3465 dimidia
1502 3421 1642 3485 pars
1692 3399 1873 3463 bodie
1921 3406 2083 3465 extat
2119 3400 2570 3485 inscriptionem
2605 3421 2723 3465 non
2757 3403 2911 3466 inte-

268 3526 441 3588 gram
478 3506 697 3570 ferens
743 3504 919 3569 Edidi
959 3506 1216 3589 primum
1254 3506 1315 3567 in
1353 3504 1507 3567 Bull
1545 3523 1722 3588 neap.
1756 3523 1886 3566 meo
1926 3505 2154 3568 litteras
2193 3512 2252 3568 et
2290 3505 2537 3568 sormam
2571 3507 2907 3570 litterarum

266 3610 531 3674 reddens
576 3628 649 3672 ex
694 3611 1012 3684 memoria,
1059 3628 1193 3673 cum
1242 3608 1588 3671 describere
1624 3628 1740 3671 non
1775 3606 2081 3672 licuisset:
2120 3628 2239 3692 quo
2273 3609 2495 3673 sactum
2530 3614 2621 3671 est
2652 3616 2716 3672 ut
2745 3609 2906 3675 dono

269 3731 379 3797 pro
427 3713 647 3776 donom
695 3712 982 3775 dederim
1031 3711 1249 3774 Decem
1301 3712 1474 3773 annis
1523 3717 1654 3794 post
1700 3731 1836 3774 cum
1884 3712 2135 3775 Romam
2176 3710 2474 3776 venissem
2507 3711 2908 3796 venalemque

268 3816 471 3880 adhuc
529 3821 897 3899 prostantem
956 3816 1238 3878 vidissem
1299 3815 1374 3876 ab
1432 3812 1536 3878 illo
1597 3815 1838 3877 homine
1889 3816 2127 3880 tandem
2175 3823 2239 3879 ut
2283 3836 2541 3880 emerem
2589 3817 2908 3902 impetravi

266 3939 554 4002 eramque
591 3919 861 3983 editurus
895 3939 967 3983 ex
1003 3917 1410 3981 delineatione
1444 3936 1624 4001 quam
1659 3919 1799 3981 mihi
1835 3918 2271 3983 conficiendam
2304 3938 2681 3984 curaveram.
2727 3920 2911 3986 Prae-

263 4024 447 4087 vertit
487 4020 900 4094 BitscheliuS,
949 4025 1251 4085 annuente
1301 4020 1414 4083 mei
1463 4022 1722 4105 depositi
1770 4024 2063 4100 custode,
2112 4023 2305 4087 inscio
2352 4043 2465 4087 me.
2521 4022 2907 4109 Epigraphen

266 4127 464 4210 primo
511 4125 781 4209 supplevi
830 4125 949 4187 sic:
997 4124 1220 4187 Dromo
1269 4123 1530 4188 sameliai
1570 4124 1729 4188 dono
1766 4145 1975 4189 urnam
2010 4127 2113 4189 dat
2145 4146 2250 4210 pro
2286 4145 2406 4208 quo
2437 4125 2655 4190 deinde
2687 4127 2908 4202 donom

262 4249 431 4293 eram
479 4228 926 4291 emendaturus.
982 4227 1348 4291 Bitscbelius
1394 4247 1536 4291 vero
1584 4228 1700 4310 (de
1751 4227 1911 4292 fictil.
1959 4228 2136 4293 litter.
2184 4230 2304 4312 26)
2356 4228 2412 4292 in
2460 4227 2619 4295 hunc
2664 4231 2905 4295 modum

261 4333 607 4418 supplevit:
655 4331 903 4395 Promos
952 4330 1211 4395 fameliai
1261 4333 1480 4395 donom
1527 4338 1729 4396 votum
1779 4332 1976 4408 dedit:
2026 4332 2198 4397 aliter
2244 4331 2709 4399 Mommsenius:
2756 4333 2905 4401 Eros

263 4437 454 4502 Marci
501 4434 677 4499 homo
725 4433 983 4498 fameliai
1033 4435 1254 4498 donum
1305 4436 1436 4499 dat:
1485 4442 1544 4498 et
1590 4436 1877 4520 deinceps
1924 4456 1996 4500 ex
2030 4437 2276 4502 meliore
2310 4438 2677 4523 apograplm,
2711 4443 2775 4502 ut
2804 4441 2907 4516 ait,

265 4540 489 4606 donom
535 4539 749 4605 lubens
797 4538 915 4601 dat.
966 4536 1121 4602 Nota
1168 4538 1401 4603 litt'erae
1450 4547 1754 4605 extremae
1800 4547 2031 4625 partem
2080 4540 2466 4626 superstitem
2512 4560 2631 4607 non
2678 4542 2907 4627 expleri

265 4644 383 4709 nisi
428 4663 540 4728 per
584 4649 661 4719 V3
710 4661 897 4728 quare
944 4641 1320 4706 Mommsenii
1368 4640 1794 4727 supplementa
1839 4636 2173 4708 reiicienda
2215 4652 2370 4709 sunt.

2783 4781 2847 4832 10
