3440 5114
2896 233 2991 288 1233

372 354 611 420 latinam
659 357 926 439 linguam
975 358 1245 439 proxime
1295 355 1553 421 accedit„
1585 356 1704 420 ‚Sic
1749 375 1892 421 vero
1930 356 2113 419 latine
2152 355 2470 437 legendam
2510 363 2690 442 puto:
2741 355 3018 433 PacciuS,

371 459 521 523 Vibii
579 457 784 531 filius,
848 460 1186 527 Pacuvius,
1245 460 1533 533 Meddix,
1593 458 1867 522 Vesunae
1915 460 2137 523 donum
2187 461 2371 523 dedit.
2439 458 2661 523 Gavius
2709 457 3018 524 Cominius

367 561 676 626 Centurio.
742 563 808 624 ln
858 560 1036 625 tertio
1081 581 1261 626 versu
1306 561 1494 628 Cetur
1540 563 1973 646 interpretatus
2020 583 2151 627 sum
2199 561 2424 626 collato
2469 563 2643 626 titulo
2688 560 2806 626 vici
2853 563 3017 646 supi-

368 665 558 742 natiS,
604 666 664 729 in
713 684 833 747 quo
880 664 1002 728 vici
1048 673 1411 748 quaest-ores
1459 664 1880 743 nominantur,
1927 664 2167 730 sublato
2215 663 2460 730 omnino
2506 665 2695 730 verbo
2742 664 3017 741 curavit,

371 768 533 853 quod
576 768 637 831 in
685 766 991 833 similibus
1038 766 1232 832 titulis
1277 769 1419 833 addi
1464 767 1639 833 solet.
1685 768 1915 835 Nomen
1966 766 2393 852 magistratus,
2439 768 2537 832 bic
2583 774 2678 832 est
2721 766 3015 833 centurio.

371 871 438 933 ln
497 872 631 935 vico
676 851 965 957 'supinate
1011 889 1150 935 vero
1199 890 1272 936 eo
1318 891 1570 936 munere
1616 866 1953 953 funguntur
1996 878 2353 957 quaestores
2381 921 2396 946 ,
2441 871 2632 935 Albae
2660 921 2674 945 ,
2718 868 3012 947 Faleriis,

367 973 639 1057 alibique
686 973 959 1055 magistri
1005 981 1319 1038 vocantur.
1367 972 1598 1039 Centur
1640 993 1788 1040 casu
1836 981 2000 1040 recto
2038 994 2146 1059 pro
2184 974 2475 1053 Centurio
2513 975 2669 1039 olim*
2685 972 2909 1038 dictum
2945 993 3018 1038 ex

368 1074 656 1159 analogia
700 1096 902 1151 sumo,
950 1076 1173 1142 collato
1219 1078 1464 1142 nomine
1503 1078 1743 1153 Decur,
1790 1078 1952 1164 quod
2002 1097 2110 1161 pro
2158 1077 2421 1142 Decurio
2468 1078 2612 1142 olim
2657 1084 3014 1162 usurpatum

365 1176 548 1243 tradit
586 1178 825 1244 Festus.
871 1179 1109 1243 Dunom
1156 1199 1267 1263 pro
1312 1180 1548 1245 Donom
1595 1179 1754 1244 redit
1797 1178 1857 1245 in
1902 1177 2110 1265 lapide
2157 1180 2521 1245 navelliano.

1564 1412 1805 1464 Lapides.

366 1602 510 1662 563.
548 1633 623 1644 —
661 1598 856 1661 Locus
881 1596 941 1659 in
972 1595 1315 1679 Aequicolis
1347 1595 1448 1660 ubi
1478 1597 1759 1661 inventus
1786 1604 1879 1660 est
1902 1596 2060 1680 lapis
2087 1595 2269 1659 hodie
2292 1596 2517 1660 dicitur
2544 1598 2666 1661 Tor
2688 1598 2748 1660 di
2776 1598 3008 1681 Taglia.

582 1805 1680 1872 ΓΙΟ·(Λ·Γ·οΛΛΓ105ΗΕ5·ΛΛΕΒΟ
2023 1799 2204 1864 Dedit
2248 1802 2577 1866 Caietanus
2620 1803 2869 1868 Riccius
2907 1807 3008 1891 qui

584 1909 680 1976 tSS
716 1934 731 1949 ·
762 1908 979 1976 ΤΛΗΙ
1021 1931 1035 1946 ·
1072 1910 1338 1976 ΒΤΛΤΕ
1365 1910 1496 1975 ·“ΛΛ
1530 1931 1545 1946 ·
1585 1909 1682 1976 DD
1940 1903 2284 1989 descripsit.
2327 1904 2511 1969 Tituli
2542 1906 2797 1972 formula
2826 1907 3013 1974 latina

1940 2013 2065 2081 est,
2103 2016 2166 2071 at
2202 2007 2464 2072 dialecto
2494 2007 2680 2073 latina
2710 2011 3007 2095 Aequico-

360 2111 557 2177 lorum
601 2109 905 2185 scribitur,
953 2129 1110 2193 quae
1157 2110 1233 2174 ad
1278 2109 1522 2176 latinam
1570 2108 1942 2177 Antinatium
1983 2111 2236 2176 accedit.
2284 2111 2477 2193 Lege:
2519 2112 2804 2187 Publius,
2840 2114 3008 2179 Cavii

365 2212 562 2291 filius,
609 2212 1002 2297 PomposiuS,
1051 2213 1290 2277 Meddix
1339 2212 1524 2287 Tatii,
1571 2213 1784 2278 Statae
1830 2214 2005 2278 Matri
2054 2214 2279 2280 donum
2326 2215 2508 2279 dedit.
2552 2216 2620 2281 ln
2658 2215 3010 2301 Aequicolis

362 2324 602 2402 praeter
658 2314 1004 2381 Cliterniam
1064 2324 1124 2379 et
1181 2335 1363 2401 quam
1426 2314 1709 2400 Virgilius
1766 2316 2123 2406 memoravit
2167 2317 2415 2382 Nersem
2448 2368 2462 2392 ,
2505 2317 3009 2404 confirmavitque

365 2418 518 2506 lapis
564 2438 772 2493 oscus,
818 2418 1075 2484 innotuit
1120 2418 1512 2504 municipium
1561 2421 1893 2505 Aequicum
1940 2440 2010 2484 ex
2060 2420 2261 2505 lapide
2305 2419 2524 2484 aetatis
2560 2421 3008 2507 imperatoriae,

365 2541 545 2608 quem
596 2522 836 2605 vulgavi
882 2520 939 2586 in
988 2542 1255 2587 monum.
1303 2521 1601 2606 aequicol.
1657 2547 1686 2582 «
1733 2523 1781 2587 ll
1829 2524 2119 2589 Cicolano
2170 2548 2223 2587 ».
2268 2524 2535 2589 Accedat
2578 2544 2739 2591 nunc
2775 2533 3010 2610 oportet

364 2625 641 2702 Talium,
689 2628 744 2689 in
791 2645 913 2712 qua
957 2625 1108 2691 ui·be
1154 2627 1418 2702 meddix,
1466 2624 1768 2692 Oscorum
1816 2627 2066 2708 lingua,
2111 2628 2498 2710 magistratus
2545 2627 2761 2692 summi
2806 2630 3005 2693 locum

366 2736 544 2793 tenet.
617 2729 806 2793 Mater
848 2729 1022 2795 Stata
1066 2748 1173 2794 seu
1218 2727 1442 2801 Vesta,
1490 2727 1774 2813 religiose
1819 2730 1895 2794 ab
1946 2729 2296 2814 Aequicolis
2344 2730 2507 2797 culta
2552 2739 2661 2796 est.
2732 2732 3007 2800 Poblium

363 2851 734 2918 praenomen
783 2830 872 2896 sic
917 2832 1243 2918 aliquando
1287 2831 1648 2895 imminuunt
1690 2839 1933 2897 veteres
1968 2839 2034 2896 ut
2061 2833 2357 2916 integram
2390 2835 2681 2921 syllabam
2738 2842 2848 2908 ΡΟ
2896 2857 3007 2921 pro

361 2937 564 3000 littera
606 2933 899 3018 singulari
952 2941 994 3005 Ρ
1040 2934 1340 3000 scribant:
1386 2932 1563 3000 cuius
1609 2931 1793 3000 moris
1840 2936 2124 3021 exempla
2159 2937 2303 3001 alibi
2343 2937 2584 3020 collegi.
2629 2938 3007 3024 Pomposiies

363 3036 638 3124 duplicat
683 3039 705 3100 i
748 3038 824 3102 de
869 3057 992 3123 qua
1036 3035 1469 3121 orthographia
1504 3039 1600 3121 egi
1636 3038 1699 3101 in
1730 3038 2200 3123 prolegomenis.
2251 3039 2339 3105 Ea
2373 3041 2461 3104 usi
2496 3048 2636 3106 sunt
2664 3039 2812 3108 Osci
2844 3062 3005 3106 cam·

366 3143 547 3226 pani,
603 3141 780 3206 cuius
840 3140 1178 3225 exemplum
1241 3140 1609 3206 luculentum
1657 3142 1764 3206 dat
1804 3140 2117 3228 inscriptio
2164 3142 2418 3227 graphio
2465 3151 2671 3209 notata
2712 3146 2771 3209 in
2821 3165 3002 3221 vase,

357 3264 550 3328 equam
596 3242 897 3310 delineavi
942 3241 1085 3308 mihi
1133 3243 1416 3329 Neapoli;
1463 3244 1652 3309 edidit
1697 3264 1841 3310 vero
1886 3244 2318 3312 Minervinius:

1149 3483 1161 3495 ·
1195 3412 2205 3560 mvz·231=a·1nn>·231>=tv⁴

361 3655 645 3729 Scilicet,
692 3655 865 3719 Lucii
898 3706 909 3718 .
939 3655 1185 3720 Cnaevii
1216 3706 1227 3718 .
1256 3655 1420 3717 Sum.
1469 3690 1500 3701 -
1549 3653 1702 3717 Talii
1753 3655 2058 3738 genitivus
2105 3663 2195 3721 est
2242 3676 2317 3720 ex
2366 3657 2733 3722 nominativo
2781 3657 2836 3721 in
2886 3662 3008 3723 ium

357 3766 568 3822 ortus:
615 3756 985 3832 Bitschelius
1030 3764 1167 3843 post
1215 3776 1525 3838 magnam,
1573 3776 1755 3841 quam
1803 3756 1937 3842 ipse
1984 3767 2164 3823 vocat
2206 3759 2464 3825 Bentleii
2514 3760 2823 3834 virtutem,
2870 3779 3010 3845 pro-

357 3861 613 3933 nuntiat,
642 3860 717 3924 de
750 3860 969 3924 declin.
1002 3860 1249 3925 recond.
1283 3880 1338 3944 p.
1375 3863 1475 3932 ⁴7,
1531 3884 1558 3918 ι(
1593 3860 2105 3926 substantivorum
2144 3863 2202 3925 in
2237 3865 2327 3927 ius
2357 3871 2421 3928 et
2450 3866 2571 3926 ium
2605 3864 3004 3929 desinentium

353 3964 704 4047 genetivum
754 3964 1060 4047 antiquior
1101 3962 1311 4045 lingua
1347 3982 1659 4046 nunquam
1700 3963 1899 4028 finivit
1935 3966 2239 4046 geminata
2273 3968 2346 4041 ii,
2387 3968 2492 4036 sod
2533 3986 2654 4032 una
2691 3967 3009 4054 simplicii

363 4065 558 4134 vocali
604 4092 660 4130 n.
724 4067 964 4131 Addere
1011 4068 1189 4132 etiam
1236 4073 1478 4152 oportet
1521 4087 1593 4132 ex
1640 4067 1850 4133 tabula
1893 4070 2225 4153 puteolana
2271 4076 2535 4143 OSTlEl
2588 4072 2686 4135 ubi
2736 4073 3006 4137 secunda

363 4170 592 4234 vocalis
635 4171 657 4229 i
699 4169 966 4235 resoluta
1011 4177 1268 4256 apparet
1310 4171 1369 4234 in
1414 4172 1466 4233 ei
1509 4172 1585 4236 ad
1634 4171 1853 4253 longae
1901 4172 2160 4236 modum.
