3440 5114
2923 248 2955 304 3

312 365 490 432 urbis
537 368 596 429 in
645 387 853 431 museo
898 367 1209 453 parisiensi
1259 368 1317 431 in
1367 386 1486 451 quo
1532 365 1650 449 legi
1696 373 1758 432 et
1803 366 1931 451 ipse
1972 371 2109 449 post
2138 364 2290 429 alios
2328 365 2648 449 perspicue
2685 364 2978 451 scriptum

313 476 723 549 (ORAN'0;
770 490 965 555 neque
1009 469 1068 533 hi
1117 471 1429 553 bilingues,
1479 477 1541 533 ut
1584 470 1878 545 canusini,
1926 488 2179 552 quorum
2226 468 2287 531 in
2333 467 2591 532 nummis
2629 475 2696 533 ut
2740 474 2845 541 (Α
2892 471 2976 533 ita

315 577 428 644 ΚΛ
475 573 700 637 saeculi
747 573 896 637 sexti
942 574 1109 637 initio
1157 574 1493 638 invenimus
1542 574 1855 657 scriptum.
1915 570 2195 636 Ceterum
2257 571 2535 655 quamvis
2580 590 2725 635 vera
2768 580 2975 635 essent

312 695 477 759 quae
541 677 862 741 traduntur
914 677 987 740 de
1049 683 1091 748 κ
1148 675 1558 752 Coranorum‚
1619 695 1924 759 nunquam
1981 695 2049 738 ex
2113 674 2227 738 hoc
2281 674 2406 739 fere
2460 663 2639 738 unico
2700 676 2972 761 exemplo

312 781 520 863 p‘otest
561 779 777 843 deduci
824 781 984 864 quod
1034 788 1297 844 nostram
1344 780 1699 845 sententiam
1758 779 1974 842 diruat.
2595 772 2639 847 ‚⁴

492 888 559 953 D.
607 882 760 946 Exili
809 890 867 945 et
912 882 1175 965 oblonga
1221 884 1411 947 forma
1447 882 1709 946 occurrit
1742 880 1801 944 in
1835 881 2058 944 lamina
2089 898 2295 955 aenea,
2328 878 2598 963 itemque
2629 881 2685 944 in
2720 880 2978 946 nummis

312 983 663 1062 ZanclaeiS,
708 993 768 1049 et
814 987 870 1048 in
918 987 1069 1050 stele
1104 1003 1365 1052 cumana
1409 984 1895 1065 Democharidis:
1944 985 2123 1067 paulo
2156 982 2352 1047 serius
2387 983 2651 1066 pingitur
2681 983 2975 1068 ampliore

317 1087 556 1153 lunula.
2761 1158 2771 1167 ‚

497 1194 579 1271 Ε,
620 1198 678 1262 Ε.
715 1193 778 1255 ln
812 1192 1016 1255 latinis
1048 1193 1336 1277 exemplis
1370 1192 1526 1255 linea
1558 1189 1864 1254 verticalis
1897 1188 2221 1274 aliquando
2254 1186 2638 1274 progreditur
2670 1209 2855 1272 supra
2883 1190 2976 1255 vel

314 1297 496 1369 infra,
545 1294 706 1379 quod
753 1293 930 1358 etiam
981 1295 1244 1359 occurrit
1289 1296 1347 1357 in
1396 1292 1634 1378 lecytho
1680 1310 1965 1356 cumano:
2015 1298 2133 1354 tres
2165 1290 2358 1355 lineae
2390 1291 2658 1355 iacentes
2692 1291 2975 1377 obliquae

317 1417 755 1481 nonnunquam
806 1396 1183 1479 effinguntur.
1230 1397 1491 1461 Alteram
1540 1397 1773 1459 litterae
1818 1393 1996 1459 huius
2043 1393 2291 1456 sormam
2338 1411 2499 1477 quae
2531 1390 2708 1458 lineis
2746 1402 2979 1459 constat

311 1502 559 1566 duabus
606 1508 665 1566 et
708 1501 1096 1567 verticalibus
1142 1506 1200 1563 et
1246 1499 1551 1585 parallelis
1587 1507 1619 1569 11
1657 1498 1871 1562 Graeci
1907 1496 2208 1580 ignorant,
2240 1496 2598 1580 videturque
2630 1496 2690 1559 in
2730 1497 2971 1562 latinum

312 1603 713 1691 alphabetum
756 1604 1074 1689 irrepsisse
1119 1624 1192 1669 ex
1238 1602 1541 1689 scriptura
1581 1602 1804 1667 italica.

497 1714 557 1779 Ρ.
607 1707 832 1773 Lineae
880 1707 1032 1771 duae
1070 1708 1337 1773 iacentes
1377 1724 1828 1791 nonnumquam
1868 1702 2155 1789 obliquae
2191 1710 2251 1767 et
2287 1703 2455 1787 ipsae
2492 1701 2854 1786 effinguntur
2896 1707 2972 1777 k:

312 1812 509 1877 semel
557 1812 945 1894 retrogradae
992 1818 1056 1874 ut
1099 1811 1161 1875 in
1208 1809 1423 1875 cistula
1466 1809 1857 1895 praenestina
1911 1811 2285 1882 ῆεκζνες.
2337 1806 2591 1870 Inferior
2632 1804 2795 1871 linea
2836 1806 2974 1892 ple-

313 1933 578 1999 rumque
613 1910 872 1978 mediam
904 1913 1249 1979 verticalem
1289 1911 1532 1993 attingit
1568 1918 1636 1990 Ρ;
1676 1916 1738 1976 at
1768 1910 2097 1995 aliquando
2135 1911 2325 1974 oritur
2368 1909 2529 1974 circa
2563 1909 2799 1973 tertiam
2844 1928 2978 1975 ver-

316 2016 520 2082 ticalis
556 2023 790 2103 partem
827 2021 903 2094 F,
935 2016 1027 2080 vel
1055 2016 1211 2080 infra
1245 2017 1509 2101 pingitur
1538 2016 1664 2079 fere
1696 2021 1765 2079 ut
1794 2012 2098 2096 digamma
2126 2013 2518 2078 Etruscorum
2548 2031 2976 2096 campanorum

326 2125 415 2201 '23
460 2121 551 2185 sic
587 2122 647 2183 in
684 2118 837 2184 cista
882 2119 1271 2205 praenestina
1319 2123 1661 2201 ΕΕΡΕΝΑ,
1709 2117 1769 2181 in
1809 2116 2055 2202 speculo
2094 2118 2233 2179 item
2273 2116 2660 2201 praenestino
2709 2119 2975 2195 mmm,

318 2222 583 2310 ttATA.
630 2223 833 2287 Lineis
882 2221 1271 2287 verticalibus
1318 2222 1556 2288 duabus
1601 2219 1754 2285 haec
1801 2222 1982 2285 etiam
2031 2219 2229 2284 littera
2273 2216 2542 2303 pingitur
2590 2226 2655 2295 t',
2702 2238 2857 2302 quae
2903 2238 2976 2282 ex

311 2327 510 2391 veteri
554 2327 817 2411 quodam
863 2324 1187 2409 alphabeto
1233 2344 1476 2389 manare
1524 2322 1792 2398 videtur,
1838 2323 1998 2407 quod
2048 2322 2313 2386 italicum
2362 2318 2637 2386 dixerim.

498 2432 581 2509 ς,
617 2434 665 2504 C
691 2480 704 2504 ‚
729 2436 806 2502 G.
845 2427 1063 2493 Tribus
1098 2427 1190 2492 his
1222 2427 1415 2492 modis
1446 2427 1611 2512 pingi
1645 2427 1797 2494 solet
1827 2426 2030 2490 littera
2061 2447 2116 2505 9,
2146 2443 2304 2508 quae
2334 2424 2702 2488 Graecorum
2738 2443 2975 2507 gamma

311 2539 548 2619 aequat
590 2529 1104 2617 pronuntiatione.
1168 2532 1463 2615 Appietae
1524 2530 1793 2614 virgulae
1853 2549 1976 2616 qua
2032 2549 2068 2593 a
2127 2533 2168 2598 Ε
2229 2526 2617 2609 distinguitur
2674 2532 2975 2593 auctorem

314 2635 701 2720 ignoramus;
750 2655 884 2699 nam
934 2633 1375 2700 Schneiderum
1426 2634 1560 2718 (Gr.
1608 2637 1707 2700 lat.
1756 2633 1793 2698 1.
1848 2636 1995 2714 176)
2048 2630 2306 2717 eiusque
2342 2632 2633 2696 asseclam
2667 2629 2975 2698 Osannum

315 2738 431 2822 (ad
482 2738 606 2803 Cic.
654 2738 730 2801 de
775 2738 926 2822 Rep.
974 2756 1111 2823 pag.
1162 2738 1313 2821 428)
1362 2736 1636 2821 aliosque
1683 2734 1790 2823 qui
1834 2735 1937 2821 Sp.
1971 2735 2290 2799 Carvilium
2338 2731 2505 2798 circa
2549 2752 2606 2797 a.
2654 2754 2709 2797 u.
2758 2752 2810 2795 c.
2854 2737 2973 2796 520

315 2860 457 2906 cum
515 2838 928 2922 grammaticis
985 2839 1293 2906 veteribus
1351 2839 1528 2904 huius
1587 2840 1725 2904 novi
1782 2836 2060 2904 elementi
2107 2843 2416 2902 auctorem
2464 2836 2693 2911 fecere,
2751 2835 2976 2902 dudum

314 2943 504 3009 docui
549 2962 813 3020 errasse,
871 2942 1051 3008 allato
1097 2943 1483 3026 Signinorum
1531 2962 1771 3007 nummo
1816 2943 1874 3005 in
1923 2961 2041 3027 quo
2086 2941 2264 3005 modo
2313 2944 2521 3018 §ElC‚
2564 2938 2740 3004 modo
2782 2941 2960 3011 §etc

316 3047 611 3131 scriptum
670 3054 941 3132 apparet.
1002 3046 1251 3111 Constat
1316 3046 1501 3129 igitur
1558 3044 1785 3131 duplici
1846 3045 2024 3108 modo
2084 3043 2371 3126 Signinos
2430 3041 2542 3107 hoc
2613 3041 2977 3107 elementum
3075 3046 3083 3056 '

314 3148 499 3214 initio
546 3151 826 3236 pinxisse.
877 3150 1224 3215 Secundum
1271 3150 1430 3235 quod
1478 3155 1614 3234 post
1658 3147 2045 3231 Signinorum
2093 3145 2431 3231 exemplum
2487 3144 2673 3210 citare
2732 3166 2974 3230 possum

292 3247 416 3316 'est
445 3258 837 3325 ῦΝΑΙνΟῠ
869 3254 928 3317 in
968 3253 1165 3335 elogio
1199 3253 1260 3316 L.
1302 3253 1602 3338 Scipionis
1631 3251 1875 3317 Barbati
1908 3250 2244 3336 pertinente
2275 3250 2352 3313 ad
2383 3248 2690 3313 saeculum
2720 3257 2972 3313 sextum.

314 3355 495 3421 Haec
539 3356 793 3421 fortasse
840 3358 1135 3421 vetustior
1179 3363 1272 3420 est
1316 3357 1525 3430 forma,
1558 3374 1682 3441 qua
1711 3377 1747 3434 9
1781 3372 2216 3437 nonnunquam
2248 3350 2537 3434 effingunt
2566 3352 2976 3431 Praenestini;

314 3479 461 3525 nam
522 3458 759 3541 virgula
821 3480 999 3543 quam
1067 3458 1303 3541 Signini
1367 3458 1653 3535 extremis
1719 3457 1963 3522 lunulae
2032 3456 2318 3521 cornibus
2377 3453 2561 3519 veluti
2622 3474 2975 3540 suspensam

312 3561 586 3648 pingunt
627 3560 854 3647 accipit
886 3560 948 3626 in
975 3562 1068 3628 his
1099 3562 1348 3628 formam
1383 3560 1592 3627 sicilici
1625 3564 1715 3639 G.
1765 3560 2012 3626 Invenio
2046 3559 2312 3624 Faliscos
2343 3557 2496 3623 haec
2528 3558 2648 3622 duo
2681 3558 2977 3622 elementa

310 3688 345 3729 c
389 3688 428 3747 9
472 3663 902 3751 permiscuisse
944 3664 1005 3730 in
1052 3666 1279 3730 lamina
1322 3686 1538 3741 aenea,
1586 3684 1770 3748 quam
1815 3663 1914 3728 hic
1959 3664 2178 3728 editam
2240 3662 2427 3726 habes
2487 3682 2542 3725 n.
2593 3660 2750 3737 557;
2799 3662 2855 3724 in
2904 3680 2978 3726 ea

307 3767 478 3834 enim
516 3768 791 3833 scribunt
822 3773 1333 3846 CONLEGlVM
1378 3774 1796 3847 vomam,
1834 3770 2508 3857 CONDECORANT,
2545 3768 2970 3838 (omvtvtn.

495 3877 564 3943 Η.
594 3870 699 3935 Est
720 3870 1092 3937 Graecorum
1119 3870 1600 3937 Chalcidensium
1641 3871 1905 3956 propria,
1936 3871 2074 3934 item
2102 3869 2458 3933 Atticorum:
2489 3868 2681 3931 Dores
2708 3865 2972 3931 italiotae

310 3979 551 4059 integra
582 3972 841 4061 primum
879 3980 951 4050 H,
986 3975 1204 4039 deinde
1237 3982 1377 4059 post
1407 3981 1740 4058 receptum,
1767 3979 1831 4037 ut
1854 3971 2143 4051 arbitror,
2172 3970 2561 4056 alphabetum
2591 3970 2855 4034 ionicum
2885 3969 2976 4032 di-

313 4079 567 4143 midiata
587 4079 678 4142 usi
706 4084 846 4142 sunt
874 4084 921 4153 l-,
949 4080 1129 4163 idque
1159 4079 1367 4143 videre
1394 4085 1485 4142 est
1509 4077 1570 4142 in
1600 4076 1858 4141 nummis
1883 4076 2381 4141 Heracleensium
2415 4078 2972 4148 l-HpAKAt-llssN,

313 4183 483 4267 quod
530 4167 712 4246 autea
763 4181 1134 4263 ΗΕρακλείσν.
1181 4182 1406 4257 Latini,
1454 4181 1555 4265 qui
1604 4186 2004 4245 consonantes
2051 4198 2359 4263 nunquam
2410 4176 2524 4241 hac
2570 4181 2767 4241 aetate
2811 4173 2977 4260 aspi-

314 4292 499 4364 rant,
558 4285 670 4349 hoc
716 4293 912 4349 tamen
962 4285 1257 4349 elemento
1305 4292 1554 4351 utuntur
1599 4291 1739 4348 ante
1787 4280 2241 4348 vocalesinitio
2289 4300 2499 4345 vocum
2528 4328 2544 4358 ,
2602 4284 2972 4365 permutant-

310 4410 431 4472 que
494 4389 826 4471 aliquando
886 4409 1018 4453 cum
1082 4389 1385 4471 digamma
1448 4391 1504 4451 in
1577 4387 1836 4459 Pelena.
1910 4388 2117 4460 Fasia,
2188 4392 2370 4464 Fata3
2431 4385 2592 4468 quod
2656 4380 2966 4468 proprium

309 4494 506 4557 fuisse
564 4493 961 4575 quorumdam
1021 4493 1382 4586 Sabinorum
1446 4498 1684 4555 veteres
1741 4488 2111 4573 grammatici
2160 4489 2471 4563 dixerunt,
2521 4483 2625 4571 qui
2668 4486 2818 4554 haba
2859 4506 2969 4569 pro

304 4598 451 4678 [aba
495 4595 975 4680 pronuntiarent.
2691 4577 2699 4584 ⁶
