3440 5114
511 432 607 477 me
649 411 976 499 inscriptus
1022 394 1321 492 ROMA:
1370 414 1428 475 in
1467 413 1690 478 lamina
1726 411 1891 476 Pauli
1925 410 2162 474 Aemilii
2195 409 2284 475 sic
2316 410 2543 478 eminet
2568 414 2592 474 i
2616 411 2679 477 in
2710 432 2860 478 voce
2901 402 3156 485 ΙΝΡΕΙ-

518 521 832 588 RATOR:
882 515 1127 580 diceres·
1161 514 1276 579 hoc
1321 514 1565 580 honoris
1609 535 1792 581 causa
1838 514 2055 579 factum
2095 514 2522 599 utaliquando
2567 517 2797 599 integer
2841 535 3058 581 versus
3093 514 3157 580 in

510 617 1003 705 inscriptionibus
1050 620 1330 682 maiorem
1379 617 1597 682 habeat
1631 620 1893 682 modum.
1942 617 2042 681 Sic
2086 617 2403 681 Mummius
2452 621 2510 682 in
2557 619 2882 704 epigraphe
2915 618 3159 683 Herculi

514 722 723 788 victori
783 722 1060 787 dedicata
1123 728 1506 794 HERCVLtS
1559 727 1940 794 VtCTORtS
1985 721 2177 787 forma
2226 723 2444 786 ceteris
2490 724 2714 787 maiore
2772 721 3048 807 scripsit,
3098 730 3160 787 et

509 844 654 890 aera
683 825 851 906 leges
883 824 1213 908 insculptas
1258 824 1516 890 ferentia
1561 826 1820 897 titulum,
1858 825 1950 889 vel
1989 831 2220 908 partem
2267 823 2416 901 eiuS,
2463 827 2520 889 in
2565 844 2748 890 versu
2785 826 2974 910 primo
3008 825 3160 889 scri·

512 933 676 1011 ptum
722 926 1147 1009 grandioribus
1194 926 1403 991 litteris
1449 926 1707 992 effictum
1754 925 2062 1012 praebent.
2111 925 2387 990 Ceterum
2428 946 2640 991 moneo
2674 946 2749 991 ne
2780 947 2959 1012 quem
2992 926 3162 992 sallat

510 1029 841 1094 litterarum
880 1031 1219 1114 aliquarum
1255 1028 1714 1114 supereminens
1748 1037 1937 1094 status
1974 1036 2038 1093 ut
2073 1049 2127 1092 e.
2167 1050 2222 1110 g.
2261 1037 2314 1099 Τ
2350 1048 2531 1113 saepe
2571 1029 2810 1111 fingitur
2843 1030 2935 1093 vel
2972 1028 3158 1114 spatii

511 1131 770 1209 defectu,
802 1133 896 1197 vel
929 1129 1358 1216 calligraphiae
1397 1131 1617 1197 studio.
1651 1130 1846 1217 Spatii
1883 1132 2184 1197 desectum
2220 1141 2361 1216 puta
2393 1134 2452 1196 in
2494 1123 2697 1205 DVCT
2737 1130 3160 1217 inscriptionis

513 1234 578 1296 L.
624 1234 895 1301 Mummii
944 1235 1221 1311 Achaici,
1274 1237 1404 1319 ΝΟ
1437 1234 1497 1300 in
1534 1256 1776 1299 nummo
1811 1235 1886 1314 Q.
1923 1235 2162 1300 Antonii
2196 1235 2381 1300 Balbi.
2417 1236 2692 1300 Studium
2724 1235 3160 1322 calligrapbiae

511 1357 767 1420 agnosce
813 1336 874 1401 in
925 1345 1306 1402 monumento
1354 1339 1430 1401 Μ.
1480 1336 1728 1420 Vergilii
1777 1337 2101 1422 Eurysacis
2146 1336 2360 1403 aetatis
2407 1339 2527 1402 sere
2574 1347 2928 1421 augusteae.

1655 1576 1825 1650 CAP.
1884 1577 1998 1652 111.

1055 1773 1126 1817 ne
1162 1770 1386 1819 variati·
1418 1781 1479 1828 a,
1517 1765 1562 1829 l,
1591 1780 1660 1835 p,
1695 1781 1761 1828 u,
1798 1772 1995 1816 formio
2028 1779 2330 1824 earumque
2368 1769 2599 1817 ratione.

595 1954 959 2019 Litteratura
993 1954 1177 2019 latina
1209 1953 1479 2019 constitit
1505 1952 1675 2018 initio
1712 1952 1789 2018 iis
1826 1954 2060 2030 litteriS‚
2097 1974 2248 2038 quas
2279 1973 2462 2038 supra
2499 1955 2771 2037 exposui:
2806 1953 2914 2019 sed
2951 1973 3149 2038 quae-

510 2059 667 2141 dam?
693 2077 898 2123 earum
947 2057 1171 2123 formae
1217 2065 1487 2143 tempore
1534 2057 1977 2132 obsoleverunt,
2011 2055 2290 2141 aliaeque
2329 2075 2516 2122 novae
2553 2056 2856 2131 inductae,
2888 2056 2964 2121 de
2998 2077 3153 2142 qua-

509 2181 637 2226 rum
671 2169 867 2227 aetate
899 2162 1213 2226 dicendum
1249 2169 1359 2224 est.
1406 2161 1622 2225 Moneo
1656 2179 1749 2224 me
1780 2161 1856 2224 de
1893 2161 2048 2224 veris
2083 2158 2284 2224 formis
2325 2158 2421 2223 hic
2456 2178 2788 2224 sermonem
2819 2158 3153 2234 instituere,

509 2284 624 2329 non
671 2266 745 2329 de
792 2261 1034 2338 vitiatis,
1079 2263 1368 2328 artificum
1416 2261 1740 2327 oscitantia
1769 2271 1871 2329 aut
1903 2261 2165 2345 ingenio,
2197 2264 2255 2325 in
2290 2262 2509 2345 quibus
2545 2264 2724 2337 duco,
2759 2281 2915 2348 quae
2945 2261 3157 2346 aliquo

508 2368 693 2432 ductu
738 2366 1084 2431 imminutae
1130 2365 1525 2441 inveniuntur,
1570 2374 1637 2430 ut
1686 2372 1728 2437 b
1776 2385 1884 2451 pro
1923 2374 1963 2437 Β
2009 2365 2094 2430 ita
2123 2364 2345 2450 pictum
2379 2364 2437 2427 in
2472 2365 2802 2450 epigraphe
2833 2363 3151 2451 municipii

416 2476 421 2481 ’
505 2468 879 2535 ferentinatis
925 2470 1130 2534 addita
1171 2468 1755 2547 substructionibus;
1812 2475 1847 2550 l:
1880 2488 1988 2553 pro
2026 2475 2065 2540 Ε
2098 2469 2155 2531 in
2194 2467 2524 2553 epigraphe
2555 2464 2834 2545 marsica,
2875 2472 2917 2540 Γ
2952 2488 3062 2552 pro
3100 2475 3157 2539 Τ

507 2574 600 2638 vel
646 2594 752 2659 pro
805 2580 844 2645 Ρ
890 2575 1026 2658 plus
1071 2574 1284 2654 semel,
1318 2581 1365 2645 Λ
1406 2593 1512 2658 pro
1554 2580 1605 2644 Α
1647 2592 1805 2658 quae
1847 2579 2011 2636 recte
2055 2571 2365 2637 erroribus
2412 2570 2732 2636 fabrilibus
2780 2572 3156 2649 accensebis,

510 2684 574 2740 ut
610 2685 674 2749 O
712 2697 820 2760 pro
864 2681 908 2747 D
945 2676 1003 2740 in
1043 2675 1195 2739 scitu
1228 2678 1364 2760 pagi
1406 2674 1789 2752 Herculanei‚
1829 2684 1890 2740 ut
1927 2681 1989 2745 Ο
2024 2695 2130 2760 pro
2175 2684 2263 2759 Q,
2304 2681 2343 2744 R
2380 2694 2489 2759 pro
2530 2680 2590 2748 Β,
2634 2680 2680 2745 D
2721 2694 2829 2759 pro
2873 2681 2936 2752 Ρ,
2970 2674 3065 2738 vel
3109 2681 3153 2745 Ρ

506 2799 613 2863 pro
658 2783 701 2850 D
738 2777 903 2842 alibi.
947 2781 1093 2844 ltem
1133 2779 1331 2843 lineae
1369 2777 1743 2844 abundantes
1782 2785 1848 2842 ut
1881 2777 1938 2841 in
1976 2778 2143 2841 titulo
2177 2776 2507 2841 Caeretano
2548 2783 2651 2851 ιχ,
2686 2775 2813 2840 sive
2846 2786 2926 2852 Ιχ,
2959 2796 3068 2840 seu
3108 2785 3155 2848 1,,

508 2883 754 2965 pingere
800 2880 987 2945 voluit
1031 2882 1275 2957 artifex,
1308 2885 1383 2960 {L
1411 2881 1470 2946 in
1504 2881 1673 2945 titulo
1704 2881 2155 2954 Beneventano,
2190 2878 2291 2942 ubi
2322 2881 2460 2943 olim
2494 2898 2609 2942 non
2641 2878 2821 2944 debui
2855 2878 3154 2964 suspicari

503 2984 725 3070 duplex
771 2985 791 3045 l
834 2985 1042 3065 latere;
1091 2983 1153 3047 id
1200 2986 1356 3048 enim
1402 3004 1522 3070 quo
1570 2992 1748 3067 pacto‘
1790 2981 1894 3047 iiat
1940 3002 2099 3047 nunc
2146 2980 2498 3065 intelligitur
2543 3003 2615 3047 ex
2648 2980 2770 3046 alio
2806 2980 2977 3046 titulo
3009 2985 3150 3046 item

505 3086 931 3152 Beneventano
977 3088 1035 3150 in
1083 3108 1202 3173 quo
1247 3087 1456 3152 addita
1500 3093 1752 3172 apparet
1791 3085 1956 3150 linea
1999 3084 2204 3150 iacens
2247 3091 2288 3156 t:
2333 3105 2451 3149 non
2497 3085 2761 3170 obliqua.
2807 3086 3045 3151 Revoco
3091 3085 3155 3150 in

506 3199 763 3254 mentem
819 3191 977 3275 quod
1024 3190 1163 3255 olim
1213 3189 1433 3261 notavi,
1482 3191 1669 3254 lineas
1715 3209 1753 3254 a
1801 3187 2202 3273 quadratariis
2255 3189 2513 3252 omissas
2567 3190 2840 3273 potuisse
2898 3189 3157 3275 exprimi

507 3292 714 3371 minio;
761 3299 886 3355 tum
931 3291 991 3355 in
1041 3313 1206 3357 more
1252 3292 1435 3356 fuisse
1469 3300 1532 3356 ut
1569 3311 1725 3377 quae
1757 3291 1955 3357 lineae
1992 3291 2374 3356 abundarent
2407 3289 2694 3355 mortario
2740 3291 3157 3377 opplerentur,

507 3414 935 3480 nonnunquam
988 3394 1164 3459 etiam
1227 3396 1468 3480 scalpro
1516 3395 1888 3472 delerentur,
1946 3403 2011 3458 ut
2063 3395 2285 3458 sactum
2334 3400 2427 3456 est
2472 3391 2530 3456 in
2577 3392 2746 3456 titulo
2793 3391 3153 3477 Popilliano‚

503 3497 602 3561 ubi
649 3496 787 3562 olim
825 3496 999 3561 docui
1048 3497 1279 3582 aliquot
1326 3516 1603 3561 numeros
1651 3495 1902 3560 millium
1949 3515 2238 3582 passuum
2286 3494 2477 3559 fuisse
2521 3495 2811 3560 sublatoS.

590 3598 839 3664 Praeter
886 3599 1270 3684 alphabetum
1317 3601 1479 3683 quod
1527 3600 1731 3662 dicere
1778 3618 2096 3684 possumus
2145 3598 2529 3682 quadratum,
2568 3598 2729 3663 aliud
2775 3598 2884 3662 suit
2918 3599 2979 3662 in
3012 3620 3155 3684 quo,

503 3704 645 3789 quia
688 3703 885 3767 lineae
930 3705 1354 3766 elementorum
1402 3702 1635 3786 aliquot
1667 3702 1899 3766 solutae
1931 3700 2300 3772 scribuntur,
2335 3703 2474 3767 olim
2510 3701 2897 3787 alphabetum
2932 3703 3158 3766 lineare

502 3805 824 3890 appellavi.
884 3804 1049 3869 Haec
1106 3807 1289 3887 igitur
1342 3804 1598 3869 linearia
1653 3806 1953 3870 elementa
2002 3825 2447 3888 nonnunquam·
2479 3807 2776 3892 permixta
2821 3813 3159 3872 cernuntur

502 3907 832 3992 quadratis,
866 3915 931 3971 ut
964 3916 998 3978 ιι
1040 3928 1149 3992 pro
1188 3915 1231 3981 tx
1274 3910 1331 3971 in
1368 3927 1512 3972 vase
1545 3905 2060 3985 sancaesariensi‚
2106 3908 2213 3992 lm
2249 3908 2310 3971 in
2340 3907 2508 3972 titulo
2535 3909 2827 3986 casinate,
2859 3911 2924 3986 Ρ
2962 3926 3073 3992 pro
3111 3914 3153 3979 Ρ
3257 3931 3264 3938 ·

502 4011 561 4073 in
609 4011 854 4076 vasculo
894 4009 1177 4094 Capenae
1223 4011 1465 4087 veteriS,
1513 4019 1571 4074 et
1615 4013 1675 4075 in
1726 4011 1898 4075 titulo
1937 4012 2063 4093 agri
2096 4010 2429 4094 aquinatis,
2476 4029 2655 4093 quem
2692 4008 2749 4073 in
2788 4027 2944 4095 pago
2985 4010 3154 4074 Roc-

501 4132 754 4180 casecca
783 4113 942 4178 dicto
975 4114 1296 4198 exscripsi;
1344 4133 1501 4200 quae
1550 4115 1748 4178 omnia
1789 4122 1850 4178 et
1888 4113 2110 4178 similia
2141 4114 2226 4176 sic
2263 4111 2627 4196 explicanda
2662 4130 2796 4177 esse
2843 4131 3160 4178 monemur

500 4216 731 4281 collatis
768 4215 976 4288 formis
1022 4215 1355 4300 alphabeti,
1401 4218 1561 4302 quod
1608 4219 1913 4281 cursivum
1944 4215 2230 4292 dicimus,
2277 4215 2422 4301 quia
2443 4216 2663 4279 cursim
2696 4224 2755 4280 et
2785 4222 3154 4300 properante

497 4338 676 4384 manu
722 4320 1041 4404 scriptum,
1078 4320 1136 4383 in
1183 4340 1301 4405 quo
1332 4319 1530 4384 lineae
1568 4339 1792 4384 curvae
1828 4339 1961 4383 cuin
2006 4339 2158 4404 pene
2204 4318 2385 4384 rectis
2428 4324 2900 4396 commutantur,
2944 4320 3152 4403 apices

497 4422 672 4486 lineis
717 4422 1082 4497 succedunt,
1122 4422 1197 4485 de
1229 4420 1453 4507 quibus
1484 4424 1679 4487 dicam
1713 4428 1942 4508 postea.
1988 4420 2161 4486 Nunc
2193 4420 2266 4485 de
2301 4427 2558 4506 quatuor
2592 4419 2806 4485 litteris
2842 4441 2896 4497 a,
2936 4422 2972 4496 1,
3003 4442 3062 4504 p,
3091 4444 3152 4498 u,

498 4545 828 4611 earumque
872 4525 1104 4591 ratione
1149 4524 1487 4590 dicendum.

578 4628 804 4696 Littera
829 4635 888 4701 Λ
911 4628 1164 4713 obliqua
1187 4629 1349 4693 linea
1371 4628 1659 4694 interiore
1690 4637 1831 4714 apta
1853 4629 2026 4696 lateri
2055 4629 2232 4695 modo
2257 4628 2495 4697 sinistro
2519 4634 2603 4708 Α,
2643 4627 2820 4694 modo
2846 4625 3057 4694 dextro
3090 4633 3149 4701 Λ
