3440 5114
482 256 588 312 ¹216

452 378 599 440 dicit
644 383 895 462 propter
939 375 1047 439 bas
1096 394 1345 440 causas:
1395 375 1539 459 quia
1580 380 1621 443 Ρ
1661 373 1940 438 clausum
1973 371 2188 450 habet,
2221 376 2378 442 <OS
2415 389 2531 434 non
2567 370 2799 451 integre
2827 368 3120 453 scriptum

458 484 829 554 CONSVL,
887 477 1178 543 Aemilius
1237 497 1353 540 non
1413 484 1656 541 servata
1697 478 1795 548 ai,-
1844 481 2167 560 praeterea
2213 473 2289 537 ob
2336 492 2673 554 cognomen
2719 470 3119 556 adscriptum.

457 580 697 660 Quibus
744 582 998 645 obiectis
1043 579 1375 665 responde:
1429 586 1469 649 Ρ
1517 578 1711 644 clausi
1760 577 2039 661 exempla
2077 596 2193 640 non
2233 594 2430 661 pauca
2466 573 2711 639 sacculo
2745 575 2875 658 ipso
2909 573 3121 655 quinto

459 683 715 747 indicavi
764 684 905 747 olim
952 682 1013 746 in
1064 685 1214 747 Ann.
1251 680 1446 746 lnstit.
1487 690 1547 744 et
1586 681 1679 744 hic
1728 683 1788 744 in
1839 682 2149 765 Apparatu
2197 680 2626 759 grammatico;
2678 677 2750 740 de
2800 682 2954 748 (OS
3000 677 3120 740 iam

458 787 659 851 monui
709 786 959 849 saeculo
1008 784 1123 848 hoc
1170 793 1337 848 sexto
1387 782 1596 848 haberi
1646 785 1708 846 in
1755 783 1819 846 S.
1871 781 1936 844 C.
1983 782 2058 844 de
2109 779 2626 844 Bacchanalibus:
2677 801 2745 841 aa
2791 799 2898 863 pro
2948 780 3009 840 ai
3057 778 3117 840 in

455 887 661 953 radice
712 887 986 952 vocabuli
1036 894 1290 972 apparet
1333 885 1460 950 iam
1509 886 1591 956 in,
1639 885 1941 959 Aecetiai‚
1990 883 2151 968 quod
2198 884 2491 968 scriptum
2540 887 2996 946 monumentum
3044 881 3121 944 ab

459 993 590 1074 ipso
639 990 1034 1054 Mommsenio
1083 993 1241 1053 inter
1284 989 1711 1072 antiquissima
1761 989 2018 1051 relatum
2066 992 2194 1064 est3
2242 987 2475 1053 aedem.
2516 987 2698 1049 etiam
2731 984 2920 1049 habes
2962 982 3024 1046 in
3057 982 3120 1047 S.

459 1092 525 1154 C.
575 1094 648 1156 de
693 1092 1197 1158 Bacchanalibus,
1244 1092 1516 1156 Tandem
1564 1109 1901 1172 cognomen
1949 1086 2245 1152 adscribit
2289 1089 2469 1152 etiam
2534 1088 2784 1151 Fulvius
2846 1086 3123 1149 Nobilior

462 1217 515 1257 n.
563 1198 704 1258 875.
777 1195 990 1280 ltaque
1052 1193 1216 1258 nulla
1277 1213 1468 1257 causa
1514 1202 1604 1257 cst
1650 1214 1759 1257 cur
1802 1194 2044 1276 cippum
2092 1190 2434 1255 restitutum
2484 1191 2671 1254 fuisse
2719 1189 3120 1253 Mommsenio

460 1298 882 1362 concedamus,
935 1295 1048 1360 Via
1095 1295 1350 1359 Aemilia
1398 1297 1476 1359 ab
1528 1296 1794 1358 Arimino
1848 1294 2214 1358 Placentiam
2263 1294 2451 1357 duxit.

470 1504 613 1563 878.
667 1501 917 1583 (-536,
968 1499 1241 1572 XLVlll‚
1289 1501 1373 1582 B).
1423 1536 1505 1545 —
1552 1498 1848 1562 Columna
1896 1517 2085 1582 prope
2131 1497 2466 1560 Bononiam
2516 1502 2781 1580 reperta.

966 1722 1021 1766 a.
1068 1724 1126 1765 u.
1178 1706 1319 1766 567.
1948 1701 2119 1766 Prior
2165 1701 2367 1764 titulus
2415 1700 2475 1761 in
2523 1700 2704 1783 cippo
2753 1705 2843 1761 est
2882 1718 2987 1761 scu
3030 1704 3116 1760 ta-
3159 1689 3168 1696 “

684 1811 852 1876 ΑΕΜ
875 1812 1074 1876 ΙΙ.Ν5
1103 1839 1117 1854 ·
1150 1809 1206 1874 Μ
1241 1840 1254 1852 ·
1287 1812 1325 1873 t=
1355 1839 1369 1854 ·
1401 1810 1456 1875 Μ
1490 1839 1503 1851 ·
1537 1813 1589 1875 Ν
1857 1802 2046 1878 bella,
2084 1803 2181 1867 hie
2217 1822 2363 1866 vero
2403 1803 2461 1864 in
2502 1802 2784 1865 columna
2824 1800 3118 1884 sculptus.

849 1914 1077 1979 LEPlD
1110 1942 1123 1955 ·
1152 1913 1305 1979 <08
1442 1959 1594 2031 χχ.
1859 1907 2029 1969 Hanc
2075 1906 2151 1970 ob
2197 1925 2443 1969 causam
2492 1905 2799 1980 Momms„
2845 1903 3122 1984 aliasque

850 2016 1184 2082 ((ΧΧΕἫ
1860 2016 2005 2092 puto
2051 2007 2169 2072 iam
2219 2008 2473 2082 relatas»,
2519 2008 2576 2070 in
2627 2006 3012 2070 enarratione
3050 2005 3120 2066 ti-

1859 2112 1963 2174 tuli
1989 2112 2332 2175 restitutum
2359 2129 2493 2172 csse
2520 2109 2867 2172 arbitratur.
2901 2108 3123 2190 Figura

471 2217 789 2279 columnae
836 2234 907 2276 eo
953 2214 1154 2277 minus
1199 2213 1340 2278 huic
1385 2213 1568 2278 aetati
1618 2214 1930 2286 convenit,
1979 2214 2268 2298 ait,ipse‚
2319 2213 2480 2296 quod
2521 2210 2762 2274 miliarii
2799 2207 3118 2295 popilliani

470 2337 525 2380 a.
574 2320 685 2379 621
744 2316 820 2378 ab
868 2335 941 2378 ca
985 2316 1318 2392 recedunt;
1381 2336 1490 2378 nec
1552 2316 1863 2397 probabile
1912 2315 1988 2378 sit
2033 2336 2068 2378 a
2113 2316 2398 2378 columna
2452 2318 2692 2397 reperta
2738 2312 2815 2375 ad
2865 2312 3120 2394 liguram

466 2422 663 2482 minus
710 2418 1087 2481 commodam
1135 2438 1478 2499 regressum
1529 2417 1848 2502 Popillium
1899 2418 2110 2481 luisse.
2156 2419 2248 2479 De
2299 2415 2536 2500 Popillii
2589 2414 2797 2478 tabula
2841 2434 2952 2478 suo
2988 2415 3120 2477 loco

468 2523 683 2586 dicam.
733 2520 903 2585 Nunc
948 2519 1097 2584 baec
1144 2520 1367 2585 frustra
1412 2538 1547 2584 esse
1597 2519 1964 2584 demonstrat
2012 2520 2291 2583 columna
2339 2520 2396 2583 in
2446 2518 2692 2583 ostiensi
2745 2517 2838 2582 via
2886 2517 2959 2580 ad
3006 2516 3120 2579 xtl

467 2632 739 2709 reperta,
791 2643 972 2707 quam
1033 2624 1197 2687 circa
1242 2623 1470 2688 saeculi
1520 2624 1670 2686 sexti
1719 2624 1894 2686 initia
1940 2623 2240 2707 sculptam
2289 2643 2423 2685 esse
2473 2629 2532 2685 et
2577 2620 3017 2704 orthographia
3061 2629 3121 2683 et

465 2728 803 2790 litteratura
848 2728 982 2810 ipsa
1028 2727 1421 2791 demonstrat.
1471 2725 1722 2789 Fallitur
1765 2746 1912 2789 vcro
1960 2727 2064 2810 qui
2114 2733 2283 2808 putat
2334 2724 2742 2798 Plutarchum,
2791 2725 2894 2808 qui
2944 2725 3000 2787 in
3049 2723 3116 2786 C.

468 2828 791 2904 Gracch0,
839 2834 917 2905 7,
963 2829 1279 2911 scripsisse
1340 2828 1406 2891 C.
1455 2825 1801 2891 Gracchum
1863 2830 2126 2892 omnium
2187 2826 2446 2912 primum
2510 2827 2564 2889 in
2631 2827 2742 2889 viis
2802 2825 3114 2890 columnas

469 2932 779 2996 milliarias
829 2931 1124 3014 posuisse.

466 3140 606 3200 879.
652 3137 909 3218 (.-.t96‚
952 3134 1209 3218 xvnt).
1386 3154 1439 3198 a.
1490 3139 1629 3199 568.

1366 3290 1629 3355 (Textum
1670 3286 1789 3339 vide
1828 3289 1880 3339 in
1920 3306 2037 3357 pag.
2077 3292 2229 3357 seq.).

551 3444 725 3523 Quae
770 3445 827 3507 in
873 3444 987 3508 hoc
1018 3443 1330 3528 praeclaro
1366 3451 1753 3509 monumento
1787 3444 2101 3508 traduntur
2132 3464 2204 3506 ea
2238 3445 2441 3507 Livius
2473 3446 2754 3527 exposuit
2784 3446 2822 3508 1.
2849 3442 3123 3518 XXXIV,

468 3552 660 3610 849:
708 3541 1024 3632 praeterea
1070 3567 1121 3610 c.
1160 3551 1235 3609 ⁴4
1282 3545 1572 3611 Senatum
1620 3546 1937 3612 censuisse
1984 3547 2135 3611 edici
2187 3547 2245 3610 in
2297 3547 2447 3610 urbe
2479 3546 2674 3610 Roma
2701 3554 2761 3610 et
2791 3567 2901 3631 per
2932 3554 3118 3610 totam

468 3650 703 3713 ltaliam
753 3649 950 3712 edicta
995 3647 1180 3722 mitti,
1231 3668 1302 3711 ne
1351 3650 1488 3732 quis
1536 3650 1640 3732 qui
1685 3649 1940 3713 Bacchis
1987 3649 2258 3713 initiatus
2304 3657 2469 3713 esset
2514 3648 2716 3713 coisse
2762 3656 2868 3714 aut
2902 3668 3128 3713 couve-

471 3754 667 3825 nisse,
704 3771 1013 3815 sacrorum
1054 3770 1274 3820 causa.
1315 3750 1493 3830 velit,
1525 3770 1641 3815 neu
1676 3751 1819 3835 quid
1854 3750 1992 3814 talis
2028 3753 2112 3815 rei
2148 3751 2389 3816 divinae
2425 3751 2666 3815 fecisse.
2712 3752 2908 3816 Edicti
2941 3752 3123 3816 huius

471 3852 853 3937 exemplum,
901 3853 1012 3916 hoc
1060 3859 1188 3927 est,
1236 3852 1296 3915 in
1346 3874 1467 3937 quo
1515 3855 1714 3937 capita
1763 3854 1970 3918 insunt
2029 3854 2288 3919 Senatus
2334 3855 2592 3919 consulti
2642 3855 2717 3917 de
2766 3854 3122 3919 Bacchana-

468 3956 659 4031 libus,
706 3956 779 4019 iis
826 3957 1080 4020 mittitur
1124 3956 1251 4039 agri
1300 3954 1564 4020 Teurani
1608 3955 1855 4025 incolis.
1906 3959 2006 4040 qui
2054 3957 2349 4020 foederati
2385 3964 2560 4020 erant
2592 3977 2727 4020 cum
2760 3957 2984 4041 populo
3016 3977 3120 4021 ro-

469 4078 668 4123 mano.
740 4057 908 4121 Ilaec
952 4060 1152 4141 capita
1197 4059 1340 4122 item
1389 4060 1601 4122 recitat
1648 4058 1853 4122 Livius
1892 4059 1927 4121 l.
1970 4059 2254 4136 xxmx,
2301 4066 2373 4123 18
2414 4060 2523 4142 (cs.
2562 4079 2667 4123 aes
2705 4080 2741 4124 a
2777 4080 2833 4120 v.
2864 4065 2899 4122 3
2936 4060 3013 4123 ad
3046 4060 3118 4142 6)

467 4161 562 4224 his
606 4159 842 4223 verbis:
896 4162 1201 4224 «Senatus
1241 4162 1521 4225 consulto
1554 4167 1796 4225 cautum
1832 4168 1952 4229 est.
1989 4181 2061 4224 ne
2098 4182 2218 4247 qua
2255 4161 2658 4226 Bacchanalia
2692 4162 2944 4237 Romae,
2972 4182 3124 4225 neve

468 4266 528 4326 in
580 4261 755 4327 ltalia
798 4268 1031 4327 essent:
1081 4264 1129 4324 si
1177 4264 1317 4347 quis
1365 4264 1484 4326 tale
1529 4281 1772 4327 sacrum
1820 4263 2111 4327 sollemne
2159 4271 2217 4327 et
2259 4265 2671 4328 necessarium
2707 4265 2981 4341 duceret,
3017 4284 3127 4329 nec

469 4365 600 4429 sine
663 4364 959 4450 religione
1018 4372 1079 4429 et
1131 4365 1373 4449 piaculo
1418 4386 1483 4429 se
1530 4363 1590 4428 id
1640 4367 1913 4429 omittere
1960 4386 2184 4452 posse,
2232 4368 2393 4450 apud
2436 4374 2778 4452 praetorem
2829 4368 3123 4431 urbanum

472 4468 896 4553 profiteretur,
955 4477 1202 4553 praetor
1258 4475 1534 4533 senatum
1580 4468 1966 4533 consuleret:
2027 4471 2077 4532 si
2125 4471 2179 4534 ei
2227 4470 2586 4554 permissum
2631 4478 2836 4545 esset,
2885 4491 3019 4535 cum
3066 4473 3125 4535 in

472 4579 686 4635 senatu
722 4579 963 4635 centum
998 4590 1115 4634 non
1144 4568 1344 4636 minus
1375 4577 1610 4645 essent,
1643 4573 1722 4633 ita
1759 4571 1815 4634 id
1850 4591 2086 4635 sacrum
2120 4572 2417 4635 faceret».
2463 4569 2728 4638 Senatus
2759 4574 2903 4638 item
2938 4574 3129 4638 vetuit
