3440 5114
2871 304 2948 362 57⁴

564 425 831 490 Pertinet
875 425 1023 490 haec
1071 427 1245 491 uncia
1293 428 1370 491 ad
1414 426 1579 491 illam
1628 425 1788 491 aeris
1836 426 2037 509 gravis
2084 428 2325 501 seriem,
2375 427 2546 492 cuius
2592 426 2959 513 exemplaria

403 536 635 611 reperta
678 536 817 593 sunt
860 550 1110 595 numero
1160 534 1340 594 tlte.
1370 529 1429 593 in
1478 528 1659 614 aquis
1703 528 2148 608 vicarellianis,
2194 531 2298 595 sed
2347 530 2777 617 anepigrapha.

643 635 813 696 Assis
859 632 1086 698 bifrons
1133 632 1455 709 imberbis,
1503 642 1561 697 et
1607 643 1748 698 nota
1803 644 1815 704 Ι
1865 682 2472 699 ...............
2879 689 2955 747 ⁴6

856 736 1052 822 Caput
1094 735 1380 801 Mercurii
1428 743 1637 821 petaso
1687 745 1943 817 tectum,
1989 744 2048 801 et
2092 745 2234 801 nota
2286 746 2380 807 Ι..
2415 786 2429 800 .
2459 644 2524 832 ‚i
2624 706 2785 751 'mm'

649 836 864 903 Semis.
910 837 1109 924 Caput
1155 839 1308 905 deae
1354 839 1683 923 galeatum,
1733 849 1795 905 et
1842 847 1982 906 nota
2030 846 2064 913 5
2111 839 2381 906 iacens..
2414 892 2464 903 ..
2923 894 2956 952 ι

856 941 1054 1027 Caput
1098 943 1427 1016 muliebre,
1474 952 1532 1007 et
1580 952 1719 1008 nota
1766 950 1800 1017 S
1847 943 2053 1009 iacens
2071 991 2468 1008 ..........
2502 847 2521 1040 ξ
2695 918 2723 951 ”

534 1128 553 1145 1
646 1043 879 1109 Triens.
924 1044 1212 1131 Delphin,
1263 1055 1323 1109 et
1366 1045 1510 1111 nota
1558 1048 1789 1111 trientis
1818 1094 2469 1113 ................
2733 1032 2760 1045 “’
2879 1099 2957 1158 33

854 1147 1135 1223 Fulmen,
1182 1155 1241 1213 et
1283 1150 1495 1214 eadem
1543 1157 1682 1213 nota
1695 1199 2469 1216 ...................
2505 1055 2524 1245 l
2697 1122 2725 1156 ’'

647 1249 987 1328 QuadranS.
1034 1252 1248 1317 Manus
1296 1260 1505 1337 aperta
1551 1259 1608 1316 et
1654 1251 1848 1327 elata,
1898 1262 1953 1317 et
2001 1261 2141 1317 nota
2187 1251 2424 1316 trientis
2459 1260 2521 1350 ,ρ
2877 1305 2956 1364 26

855 1355 989 1419 Duo
1036 1330 1228 1437 graina
1273 1354 1511 1430 hordei,
1557 1364 1618 1419 et
1663 1356 1873 1421 eadem
1925 1364 2061 1420 nota
2071 1403 2468 1421 ..........
2505 1352 2523 1442 t
2697 1328 2726 1363 ''

645 1457 924 1522 SextanS.
975 1456 1254 1535 Concha,
1301 1466 1360 1522 et
1406 1467 1545 1523 nota
1591 1461 1887 1523 sextantis
1906 1509 2472 1525 ..............
2879 1512 2958 1571 95

855 1561 1203 1637 CaduceuS,
1252 1571 1313 1627 et
1360 1569 1500 1626 nota
1546 1562 1757 1631 eadem
1775 1608 2474 1628 .................
2507 1466 2525 1656 ξ
2703 1536 2729 1569 ”

643 1652 852 1728 [incia.
897 1666 1284 1747 Astragalus,
1333 1673 1392 1729 et
1435 1665 1653 1730 unciae
1701 1672 1842 1730 nota
1862 1713 2466 1731 ...............
2839 1718 2947 1777 58⁴
3070 1734 3080 1745 ,

853 1766 1005 1832 Nota
1051 1769 1263 1832 eadem
1311 1769 1369 1832 in
1417 1787 1564 1832 area
1618 1788 1810 1834 vacua
1820 1814 2473 1835 ................
2506 1672 2524 1857 i
2701 1742 2729 1776 '³

644 1869 982 1933 semuncia.
1029 1870 1219 1935 Glans
1259 1919 1871 1937 ..............
1906 1926 1912 1933 .
1945 1919 2469 1936 .............
2505 1880 2523 1975 l
2699 1946 2726 1978 »
2839 1923 2948 1984 36⁴

855 1973 1007 2037 Nota
1055 1973 1407 2038 semunciae
1434 2020 1484 2037 ..
1520 2021 2467 2040 .......................
2506 1976 2522 2063 ς

557 2073 715 2137 Satis
775 2074 958 2155 igitur
1016 2084 1296 2141 constare
1345 2077 1649 2151 arbitror,
1713 2077 1868 2140 hanc
1919 2075 2138 2141 seriem
2186 2077 2260 2140 ad
2308 2076 2561 2160 populos
2609 2071 2712 2159 qui
2760 2073 2956 2136 lacum

390 2174 609 2239 Sabate
656 2175 796 2240 olim
844 2178 1194 2242 accolebant
1227 2178 1614 2263 pertinuisse,
1653 2199 1805 2263 quos
1839 2178 2052 2243 sabina
2085 2180 2291 2260 lingua
2321 2177 2554 2241 Safinos
2587 2178 2858 2262 potuisse
2892 2195 2959 2239 se

393 2279 589 2342 dicere
636 2299 753 2343 non
802 2287 894 2344 est
936 2301 1044 2345 cur
1088 2281 1472 2359 dubitemus3
1521 2302 1656 2346 cum
1708 2283 1887 2345 iidem
1925 2281 1983 2345 in
2026 2281 2279 2345 nummis
2313 2280 2471 2344 betto
2503 2278 2763 2343 marsico
2795 2277 2958 2344 cusis

388 2382 474 2445 sic
511 2403 578 2447 se
617 2383 954 2449 inscribunt
1007 2390 1364 2457 mmmm,
1413 2385 1525 2449 hoc
1560 2394 1649 2450 est
1682 2385 1862 2449 latina
1900 2386 2241 2448 litteratura
2288 2389 2662 2456 5ΑΡΙΝΙΜ.
2713 2382 2963 2446 Videtur

386 2486 565 2549 etiam
614 2486 753 2551 inde
800 2486 1093 2571 originem
1143 2489 1394 2554 duxisse
1442 2489 1642 2571 gentis
1689 2488 1954 2553 Safiniae
2001 2507 2240 2551 nomen.

308 2593 408 2653 53.
455 2595 490 2661 5
539 2591 599 2655 ἰη
645 2590 851 2656 antica
894 2599 954 2656 et
998 2594 1249 2677 postica.

646 2693 845 2779 Caput
889 2695 1298 2760 diadematum
1348 2694 1614 2760 iuvenile
1660 2695 1883 2780 capillo
1931 2694 2111 2760 fluxo.

647 2797 813 2861 ldem
864 2780 1060 2884 ῑῇρηε.

558 2899 733 2964 Extat
777 2902 838 2965 in
885 2899 1285 2967 Kircheriano
1332 2903 1522 2966 series
1568 2902 1806 2986 integra
1853 2900 2062 2964 horum
2125 2921 2541 2976 nummorum,
2587 2902 2693 2964 sed
2740 2901 2960 2987 anepi-

389 3002 641 3087 grapha,
691 3010 1011 3088 praeterea
1055 3025 1213 3070 unus
1249 3004 1348 3070 hic
1381 3023 1447 3068 as
1480 3007 1575 3069 cui
1611 3006 1819 3068 addita
1849 3005 2120 3069 cernitur
2153 3002 2407 3069 initiatis
2439 3002 2638 3068 littera
2663 3010 2717 3075 5.
2765 3002 2960 3067 Huius

389 3107 567 3169 seriei
615 3113 858 3192 reperta
903 3127 1047 3173 aera
1093 3128 1241 3173 sane
1288 3128 1404 3172 non
1451 3127 1648 3193 pauca
1692 3109 1753 3171 in
1801 3111 1981 3192 aquis
2026 3105 2454 3171 vicarellianis.

856 3213 1040 3276 Asses
1088 3211 1485 3297 anepigraphi
1534 3233 1670 3276 cum
1710 3210 1909 3296 capite
1950 3208 2270 3295 Apollinis
2384 3215 2417 3273 t

854 3313 1153 3379 Semisses
1198 3335 1333 3379 cum
1381 3335 1611 3399 pegaso
1653 3361 2261 3380 ...............
2374 3318 2410 3375 Ξ

857 3418 1134 3483 Trientes
1178 3440 1315 3483 cum
1361 3419 1562 3504 capite
1609 3418 1747 3500 equi
1914 3461 2264 3483 .........
2336 3420 2411 3479 to

856 3518 1248 3597 Quadrantes
1293 3540 1427 3585 cum
1475 3539 1625 3604 apro
1652 3567 2262 3586 ...............
2336 3522 2411 3581 to

859 3621 1184 3687 Sextantes
1229 3643 1364 3688 cum
1412 3621 1609 3707 capite
1655 3621 1921 3687 dioscuri
1952 3670 2268 3687 ........
2378 3624 2414 3683 9

860 3723 1087 3791 Unciae
1133 3748 1269 3791 cum
1315 3745 1503 3809 grano
1549 3725 1763 3789 hordei
1782 3771 2265 3791 ............
2332 3726 2414 3788 73

569 3829 762 3912 Igitur
807 3830 1154 3895 verosimile
1202 3828 1344 3893 mihi
1392 3836 1486 3894 est
1529 3828 1685 3892 hanc
1731 3827 1952 3893 seriem
2000 3830 2073 3893 ad
2122 3828 2378 3913 populos
2425 3825 2682 3891 Sabinos
2712 3845 2820 3891 seu
2852 3827 2966 3890 Sa-

397 3932 637 3996 batinos
684 3933 1072 4016 pertinuisse.

309 4040 407 4099 54.
462 4037 687 4119 (εΗ.)
735 4037 804 4120 α)
859 4041 1078 4108 Alo)
1125 4038 1183 4100 in
1230 4036 1425 4102 antica
1473 4041 1862 4109 (ΟΖΑᾺΟ
1910 4034 1968 4098 in
2018 4033 2275 4119 postica.

649 4138 848 4224 Caput
892 4141 1045 4204 deae
1093 4140 1415 4222 galeatum.

566 4242 632 4305 ln
686 4243 1081 4306 Kircberiano
1128 4250 1187 4307 et
1230 4240 1524 4306 Vaticano
1572 4241 1675 4306 ubi
1731 4246 2102 4312 ...ΖΑΝΟ
2150 4241 2207 4303 in
2257 4238 2511 4324 postica.

480 4347 547 4428 b)
598 4351 949 4418 (Ο5ΑΝΟ
997 4347 1055 4410 in
1104 4345 1353 4433 postica.

649 4449 847 4534 Caput
891 4450 1106 4514 Martis
1154 4448 1390 4513 barbati
1440 4448 1748 4532 galeatum
1796 4448 1874 4512 ad
1919 4448 2207 4512 dextram.

652 4552 931 4617 Protome
979 4551 1122 4636 equi
1172 4552 1386 4618 frenati
1434 4553 1507 4615 ad
1555 4552 1827 4616 dextram
1877 4569 2086 4624 versa,
2132 4550 2289 4614 infra
2335 4549 2605 4635 delphin.

564 4657 741 4740 Apud
787 4656 1003 4719 ducem
1052 4656 1126 4722 de
1171 4654 1388 4719 Blacas
1434 4657 1538 4739 qui
1585 4662 1868 4740 ectypum
1914 4651 2095 4717 misit.
