3440 5114
2825 263 2890 322 87

1388 398 1559 473 CAP.
1614 396 1820 470 XVII.

1174 544 1441 594 Paret-ton
1476 544 1542 586 de
1578 551 1737 586 versu
1772 537 2044 585 Saturnio.

365 694 670 758 Habemus
729 711 925 775 pauca
977 711 1045 754 ex
1104 698 1227 754 tota
1279 692 1634 775 antiquitate
1690 709 1973 754 versuum
2033 690 2437 753 saturniorum
2497 702 2918 772 monumenta,

284 817 440 886 quae
484 796 667 860 veluti
714 792 788 858 ex
834 792 1149 875 naufragio
1196 801 1609 881 enataverunt.
1647 792 1754 856 His
1788 790 1968 876 igitur
2000 800 2264 868 utemur;
2304 800 2362 871 et
2398 797 2683 876 quoniam
2715 798 2921 862 Gram-

286 902 484 966 matici
528 908 763 964 veteres
808 899 1115 983 complura
1160 918 1230 961 ex
1278 898 1391 960 boc
1435 916 1658 977 genere
1719 897 2024 977 legerunt,
2074 896 2271 978 deque
2331 896 2421 958 his
2479 900 2739 963 meditati
2787 912 2926 968 sunt

284 1007 436 1069 scitu
483 1004 696 1085 digna,
729 1021 1004 1085 aequum
1051 1007 1140 1065 est
1184 1008 1250 1064 ut
1294 1019 1501 1064 eorum
1559 999 1781 1063 iudicio
1840 1000 2330 1083 acquiescamuS,
2379 1004 2730 1085 praesertim
2785 1025 2921 1070 cum

287 1110 652 1172 litteratores
698 1112 941 1169 nostrae
987 1105 1202 1167 aetatis
1246 1104 1506 1168 certiora
1552 1123 1667 1166 non
1714 1102 2031 1166 videantur
2075 1103 2358 1187 proferre.

372 1211 598 1273 Versus
644 1210 867 1291 quibus
914 1209 1052 1271 olim
1085 1213 1250 1271 vates
1283 1206 1530 1270 oracula
1561 1205 1894 1269 fundebant
1932 1207 1970 1268 ii
2004 1213 2159 1278 sunt,
2194 1226 2345 1290 qnos
2378 1214 2595 1271 vocant
2627 1213 2930 1277 saturnios

289 1315 497 1395 (Varro
531 1313 606 1375 de
640 1311 768 1375 L.L,
807 1310 935 1373 vlt.
970 1311 1095 1391 36);
1143 1329 1254 1373 nec
1296 1317 1493 1373 tamen
1540 1306 1760 1391 reperti
1797 1307 1873 1370 ab
1909 1308 2089 1383 ltalis,
2123 1310 2205 1371 ait
2234 1308 2481 1372 Maurus
2528 1310 2927 1380 Terentianus

292 1422 375 1502 (p.
408 1420 574 1480 2439
609 1416 702 1491 P.;
751 1414 824 1476 ct.
871 1413 1115 1477 Atilium
1164 1412 1677 1483 Fortunatianum,
1726 1414 1887 1473 2679
1925 1411 2031 1491 R),
2078 1412 2339 1496 ideoque
2386 1416 2686 1478 saturnios
2732 1417 2926 1482 deno-

288 1522 564 1596 minatOS,
614 1526 677 1581 ut
723 1516 974 1581 eredidit
1020 1523 1317 1594 vetustas;
1364 1515 1470 1579 sed
1517 1521 1608 1578 est
1658 1532 1867 1577 eorum
1915 1515 2083 1598 origo
2134 1536 2384 1596 graeca,
2432 1516 2637 1601 illique
2672 1527 2928 1587 metrum

289 1624 447 1688 istud
480 1630 646 1687 certo
681 1622 855 1684 modo
888 1620 1209 1683 dederunt:
1242 1620 1407 1681 latini
1441 1638 1571 1681 mox
1601 1625 1815 1701 poetae
1847 1618 2055 1680 rudem
2080 1638 2291 1681 sonum
2320 1621 2529 1696 secuti,
2561 1629 2621 1684 ut
2649 1643 2929 1709 quaeque

289 1748 385 1793 res
430 1724 692 1798 ferebat,
740 1725 829 1787 sic
875 1723 1135 1806 disparis
1197 1722 1423 1803 figurae
1485 1741 1695 1784 versus
1744 1740 1927 1802 vagos
1973 1722 2272 1785 locabant.
2344 1721 2517 1800 Quae
2564 1733 2723 1788 recte
2769 1729 2932 1793 dicta

294 1850 430 1894 esse
478 1834 647 1912 putat
691 1828 960 1890 Ritterus
996 1826 1205 1908 (Elem.
1254 1824 1517 1889 Gramm.
1549 1824 1650 1888 lat.
1689 1845 1744 1908 p.
1780 1827 1901 1905 66).
1948 1822 2096 1887 Nam
2131 1844 2267 1888 cum
2302 1834 2554 1890 metrum
2600 1832 2934 1897 saturnium

291 1938 526 1997 constet
571 1931 809 1994 duabus
854 1929 1156 2015 partibus,
1206 1930 1521 2013 primaque
1568 1929 1647 1990 sit
1692 1926 2030 1991 testimonio
2079 1928 2338 2010 plurium
2390 1930 2671 2003 iambica,
2718 1935 2810 1997 vel
2859 1938 2937 2000 sit

296 2036 570 2101 senarius
617 2033 850 2097 iambus
882 2022 1039 2097 tolus
1071 2052 1145 2095 ex
1177 2032 1479 2095 sententia
1516 2031 1852 2104 Diomedis,
1888 2031 2003 2094 iam
2039 2037 2233 2114 patet,
2266 2032 2348 2094 ait
2379 2031 2665 2108 RitteruS,
2702 2037 2933 2119 origine

293 2138 544 2203 latinum
590 2156 725 2200 esse
773 2155 889 2199 non
938 2154 1148 2218 posse;
1195 2134 1601 2218 pronuntiatio
1649 2132 1807 2196 enim
1856 2132 2041 2196 latina
2078 2133 2383 2197 trochaica
2414 2142 2507 2199 est
2537 2143 2594 2198 et
2619 2137 2933 2225 dactylica,

298 2262 415 2306 non
460 2239 736 2304 iambica.
786 2239 950 2302 Haec
996 2238 1240 2322 quidem
1274 2245 1439 2301 recte
1475 2237 1887 2318 grammaticis
1921 2237 2225 2300 veteribus
2259 2245 2694 2303 consentanea:
2729 2260 2932 2308 verum

293 2345 696 2416 Hermannus,
726 2341 973 2406 inventa
1005 2341 1304 2414 anacrusi‚
1339 2341 1563 2416 docuit,
1596 2339 1900 2424 quomodo
1932 2342 2186 2404 saturnii
2227 2361 2434 2405 versus
2466 2344 2698 2427 possint
2727 2349 2934 2412 scandi

296 2468 402 2532 per
447 2448 799 2521 trochaeos3
846 2445 1004 2530 qnod
1050 2447 1100 2508 si
1149 2463 1353 2509 verum
1401 2451 1514 2516 est,
1561 2443 1680 2514 illa,
1728 2463 1909 2527 quam
1956 2445 2220 2509 Ritterus
2268 2447 2441 2510 unice
2489 2447 2751 2525 adduxit,
2786 2454 2936 2515 ratio

297 2551 566 2629 tolletur,
596 2556 656 2615 et
684 2547 829 2613 itala
874 2549 1041 2630 origo
1076 2548 1351 2613 versibus
1381 2548 1667 2611 saturniis
1705 2546 2138 2622 vindicabitur,
2174 2550 2445 2632 quamvis
2476 2551 2552 2614 ad
2584 2571 2937 2633 graecorum

296 2657 540 2721 modum
587 2663 824 2718 veteres
872 2655 1089 2729 nostri,
1141 2661 1205 2716 ut
1250 2653 1542 2737 pleraque
1587 2652 1789 2715 omnia
1834 2651 2150 2716 videantur
2193 2651 2488 2717 effecisse.

384 2756 806 2831 Grammatici,
854 2757 955 2838 qui
1017 2755 1269 2838 primam
1313 2774 1523 2819 versus
1569 2761 1800 2837 partem
1848 2774 1956 2839 per
2001 2753 2232 2818 iambos
2277 2756 2677 2833 scandebant,
2724 2778 2943 2824 secun·

299 2860 438 2925 dam
488 2879 597 2945 per
641 2857 992 2932 trochae05,
1040 2857 1474 2932 existimarint,
1526 2875 1777 2920 necesse
1823 2863 1947 2934 est,
1994 2843 2209 2920 latinos
2256 2860 2538 2943 antiquos
2584 2880 2796 2925 versus
2834 2863 2944 2926 du-

300 2965 573 3028 rissimos
634 2961 894 3034 fecisse,
956 2968 1016 3023 et
1069 2959 1201 3042 lege
1249 2960 1575 3059 identidem
1623 2967 1906 3032 servata,
1952 2959 2101 3023 alios
2148 2966 2343 3025 tamen
2390 2961 2743 3044 brevioreS‚
2791 2966 2943 3029 alios

301 3067 603 3156 longiores
649 3063 998 3128 inseruisse.
1045 3063 1121 3126 Et
1164 3083 1227 3160 re
1272 3063 1518 3146 quidem
1564 3082 1711 3126 vera
1755 3063 1969 3126 Atilius
2017 3063 2486 3150 Fortunatianus
2531 3066 2567 3129 1.
2604 3068 2704 3130 cit.
2753 3068 2944 3133 fassus

303 3173 425 3247 est,
474 3170 571 3232 vix
619 3188 684 3232 se
732 3168 1035 3230 invenisse
1082 3166 1243 3249 apud
1292 3166 1583 3230 Naevium
1632 3164 1966 3242 saturnios,
2015 3186 2167 3250 quos
2214 3188 2319 3250 pro
2366 3171 2637 3255 exemplo
2674 3181 2940 3254 poneret.

242 3307 258 3330 0
302 3273 470 3337 Idem
516 3272 634 3335 atio
679 3271 812 3336 loco
856 3293 914 3356 p.
964 3274 1129 3333 2698
1175 3271 1402 3354 passim
1449 3276 1509 3332 et
1553 3270 1680 3333 sine
1729 3290 1877 3334 cura
1920 3289 1990 3334 eo
2040 3271 2310 3334 homines
2356 3291 2501 3336 usos
2562 3276 2942 3358 pronuntiat,

302 3376 566 3440 maxime
611 3375 670 3437 in
720 3374 942 3438 tabulis
988 3393 1144 3456 quas
1192 3373 1657 3457 triumphatores
1690 3374 1751 3437 in
1782 3372 2077 3458 Capitolio
2125 3374 2493 3439 incidebant.
2544 3376 2685 3441 Eius
2724 3379 2948 3444 iudicio

304 3479 511 3565 optimi
561 3485 704 3542 sunt
748 3496 960 3542 versus
1007 3477 1275 3560 quinque
1322 3476 1423 3559 qui
1470 3484 1830 3564 sequuntur.

391 3599 479 3663 Ex
523 3597 729 3664 tabula
772 3596 1047 3681 Regini:-

815 3735 1031 3800 Duello
1076 3754 1295 3818 magno
1342 3734 1679 3800 dirimendo
1726 3735 1968 3817 regibus
2014 3735 2386 3819 subigendis.

398 3873 482 3939 Ex
526 3873 733 3939 tabula
781 3873 952 3937 Acilii
1001 3872 1371 3939 Glabrionis:

815 4011 1022 4088 Fudit,
1069 4012 1263 4096 sugat,
1311 4013 1637 4097 prosternit
1683 4013 1973 4077 maximas
2016 4012 2303 4095 legiones.

398 4133 479 4198 Ex
524 4133 782 4199 Naevio:

817 4253 1043 4319 Ferunt
1084 4255 1328 4339 pulcras
1373 4245 1693 4322 craterras‘
1725 4275 1941 4321 aureas
1990 4256 2258 4340 lepistaS.

820 4358 1045 4422 Novem
1091 4357 1251 4423 Iovis
1299 4359 1633 4426 concordes
1682 4359 1842 4425 filiae
1888 4378 2146 4424 sorores,

399 4496 772 4563 Metellorum
819 4497 880 4560 in
927 4498 1245 4564 Naevium:

821 4616 1044 4690 Malum
1090 4619 1321 4684 dabunt
1367 4619 1593 4686 Metelli
1640 4618 1868 4686 Naevio
1916 4625 2129 4705 poetae
