3440 5114
2948 277 2985 317 V

323 376 657 469 Quaeres
711 406 914 459 nunc
967 378 1244 482 quibus
1301 405 1439 484 ego
1492 379 1829 483 singulas
1888 379 2419 483 inscriptiones
2490 383 2975 463 instruxerim

228 495 477 597 copiis.
531 498 700 578 Tria
739 496 931 577 mihi
970 509 1186 578 erant
1223 499 1577 593 curanda,
1620 499 1954 602 primum
1994 510 2078 577 ut
2113 499 2307 580 nihil
2363 500 2662 581 deesset
2713 528 2978 581 eorum

225 640 410 713 quae
468 643 517 693 a
570 616 809 697 doctis
863 616 1040 697 viris
1097 617 1285 698 illita
1340 616 1622 698 chartis
1679 617 2170 720 reperissem,
2230 629 2391 698 tum
2448 621 2509 699 si
2567 620 2748 722 quid
2802 620 2976 699 novi

229 732 415 812 mihi
472 748 676 816 esset
736 735 1236 830 adducerem,
1289 738 1509 817 tertio
1589 737 2216 818 emendationum
2286 740 2614 819 rationes
2693 740 2976 819 darem.

320 853 586 956 Itaque
639 883 815 936 cum
871 855 1394 937 collectionem
1456 857 2141 937 mommsenianam
2190 870 2490 938 secutus
2545 858 2714 956 sim,
2773 857 2976 938 falsis

226 972 551 1070 omissis,
610 973 875 1078 iisque,
927 1002 1117 1077 quae
1172 975 1268 1054 ad
1322 1002 1483 1053 rem
1541 1002 1693 1054 non
1752 975 2109 1071 facerent,
2168 975 2490 1056 iudicavi
2544 1003 2669 1055 me
2725 977 2972 1055 omni-

226 1090 361 1170 bus
442 1094 630 1173 satis
712 1096 1083 1174 facturum
1153 1094 1214 1173 si
1292 1106 1459 1197 post
1542 1121 1946 1174 numerum
2040 1121 2300 1174 meum
2387 1096 2742 1175 adderem
2832 1121 2976 1198 pa-

226 1211 560 1292 renthesi
635 1212 1017 1293 inclusum
1092 1240 1503 1292 numerum
1573 1213 2324 1307 mommsenianum‚
2393 1212 2974 1293 rithschelianas

224 1330 445 1410 etiam
508 1331 800 1412 tabulas
855 1331 1074 1412 citavi
1143 1332 1419 1436 quibus
1476 1332 1871 1412 titulorum
1929 1331 2055 1411 ille
2110 1334 2222 1412 vir
2274 1332 2537 1413 doctus
2601 1331 2972 1438 imagines

219 1452 822 1554 repraesentavit.
879 1453 1075 1533 Nam
1133 1452 1504 1555 quaedam
1562 1479 1755 1555 quae
1810 1452 1939 1532 illo
1996 1454 2074 1532 in
2132 1480 2355 1555 opere
2412 1480 2566 1531 non
2621 1465 2802 1531 sunt
2854 1453 2969 1530 ef-

221 1568 488 1663 fictae,
574 1570 870 1651 duabus
951 1570 1231 1651 tabulis
1305 1597 1445 1675 ego
1528 1569 1985 1651 delineanda
2067 1570 2341 1651 curavi.
2400 1570 2756 1677 Syllogen
2811 1598 2964 1649 non

222 1691 659 1770 necessariis
712 1690 1198 1771 citationibus
1255 1717 1668 1793 earumque
1723 1690 2049 1793 διακρίσει
2106 1691 2426 1771 obruere
2482 1690 2716 1771 nolui.

313 1810 518 1911 Opus
575 1810 852 1891 tentavi
910 1838 1193 1890 novum
1249 1810 1327 1890 in
1383 1837 1532 1913 quo
1589 1822 1888 1913 praeter
1944 1837 2179 1890 nexus
2243 1809 2664 1889 litterarum
2734 1809 2964 1889 etiam

217 1932 445 2013 forma
532 1934 1117 2037 exprimeretur3
1202 1932 1278 2012 in
1359 1960 1509 2036 quo
1564 1932 1628 2012 si
1684 1931 1940 2012 minus
2021 1946 2408 2013 assecutus
2489 1958 2661 2013 sum
2734 1958 2961 2034 quam

218 2080 592 2155 speraram
652 2053 727 2133 id
781 2053 887 2133 rei
945 2051 1375 2133 difficultati
1446 2077 1601 2130 non
1674 2079 1889 2131 meae
1962 2051 2332 2131 voluntati
2407 2051 2696 2130 tribuas
2764 2077 2968 2155 rogo,

217 2172 453 2252 Novas
493 2172 1021 2275 inscriptiones
1061 2198 1251 2274 quae
1292 2170 1738 2273 prodierunt
1776 2170 1894 2250 his
1947 2169 2311 2273 proximis
2349 2169 2683 2272 quinque
2721 2167 2960 2266 anniS,

217 2319 296 2369 ex
348 2321 499 2396 quo
562 2292 854 2396 incepta
910 2289 1141 2372 editio
1197 2302 1310 2370 est
1366 2289 1442 2369 in
1501 2287 1657 2369 fine
1696 2289 2083 2369 addendas
2125 2289 2409 2368 curavi:
2453 2290 2634 2367 item
2674 2314 2960 2368 errores

215 2413 335 2513 qui
371 2411 837 2513 irrepserunt
879 2425 963 2490 ut
996 2410 1205 2514 potui
1262 2409 1685 2490 emendavi.
1745 2408 2185 2489 Meminisse
2239 2408 2470 2488 etiam
2511 2419 2800 2510 oportet
2836 2435 2962 2487 me

213 2530 599 2613 absentem
665 2560 755 2611 ex
807 2530 1124 2612 aedibus
1181 2530 1372 2609 meis
1428 2527 1946 2620 exturbatum,
2003 2528 2364 2632 omnique
2419 2556 2608 2630 pene
2664 2555 2801 2631 ope
2855 2527 2959 2607 li—

211 2649 513 2730 brorum
579 2651 1048 2746 destitutum,
1104 2650 1334 2729 fuisse
1391 2660 1735 2728 coactum
1793 2675 2344 2751 nonnunquam
2392 2648 2715 2750 perferre
2771 2674 2959 2749 quae

213 2768 416 2849 aliter
469 2799 623 2851 non
683 2769 1053 2850 tulissem.

304 2890 601 2970 Indices
656 2915 1086 2992 paraveram
1144 2900 1328 2990 quot
1399 2887 1577 2969 huic
1629 2888 1836 2991 operi
1895 2887 2354 2967 necessarios
2411 2886 2607 2966 novi.
2669 2888 2776 2965 Ex
2829 2885 2951 2965 his

208 3035 371 3089 vero
423 3009 768 3113 quinque
827 3020 1125 3088 tantum
1182 3019 1264 3087 ut
1318 3009 1625 3088 ederem
1680 3007 2208 3086 benevolentia
2263 3006 2640 3085 editorum
2712 3005 2954 3108 impe·
3049 3047 3056 3056 ·

208 3131 401 3210 travi.
446 3131 653 3210 Haec
704 3130 782 3208 in
818 3139 1076 3208 mente
1130 3127 1410 3207 habeas
1466 3127 1694 3206 velim
1752 3155 1847 3206 ne
1904 3125 2346 3229 imprudens
2403 3153 2659 3206 aurem
2719 3123 2953 3202 male-

208 3248 381 3329 volis
432 3248 831 3353 praebeaS,
892 3248 1023 3352 qui
1092 3247 1579 3327 obtrectaturi
1636 3257 1888 3326 erunt:
1950 3259 2032 3325 tu
2087 3273 2261 3327 vero
2317 3245 2509 3358 meis
2566 3243 2953 3323 laboribus

205 3365 524 3450 libenter
578 3369 845 3450 fruaris
865 3434 881 3467 ,
942 3367 1125 3447 vale.

397 3613 612 3678 Romae,
651 3624 775 3665 xvm
812 3611 910 3665 kal.
952 3609 1040 3664 iul.
1077 3623 1440 3664 nnccctxxvu.
