3440 5114
600 294 666 351 50

910 421 1113 506 Equus
1161 418 1400 484 effrenis
1448 421 1706 499 saliens3
1754 440 1934 504 supra
1980 427 2230 484 astrum.

830 524 1123 586 Denarius
1170 531 1494 605 argenteus
1540 532 1631 587 est
1676 526 1950 608 pendens
1996 543 2084 606 gr.
2130 523 2270 605 gall.
2319 524 2576 609 amplius
2624 532 2872 609 septem.

577 629 677 689 23.
730 628 799 708 (-
835 628 985 708 tzld)
1042 634 1421 699 ROMANO
1466 628 1522 691 in
1573 631 1822 712 postica.

909 729 1100 815 Caput
1142 732 1292 795 deae
1339 732 1516 812 galea
1559 731 1818 817 phrygia
1864 738 2123 803 tectum,
2171 730 2572 796 offendicibus
2619 729 2864 810 solutis;
2922 750 3078 815 pone
3127 729 3220 793 si-

994 832 1198 916 gillum
1245 833 1497 898 artificis
1542 836 1794 899 varium.

918 934 1174 1000 Victoria
1217 945 1357 1021 apta
1400 936 1530 1011 alis,
1577 944 1744 1001 veste
1782 936 2023 1013 fluente,
2058 957 2210 1022 pene
2245 938 2421 1009 nuda,
2453 957 2685 1001 ramum
2720 937 2952 1022 palmae
2984 944 3222 1010 tenenS,

1004 1040 1357 1123 pendentem
1405 1060 1475 1104 ex
1524 1039 1725 1105 taenia
1770 1061 2051 1105 coronam
2101 1042 2417 1103 serentem:
2452 1060 2609 1125 pone
2641 1060 2863 1121 graeca
2895 1038 3104 1125 aliqua
3136 1038 3233 1101 lit-

1004 1149 1131 1206 tera
1178 1143 1356 1206 modo
1402 1141 1655 1226 simplex
1705 1143 1882 1207 modo
1914 1142 2152 1225 gemina
2182 1144 2556 1223 distinguens
2590 1150 2861 1228 typorum
2896 1162 3231 1207 numerum.

834 1245 1134 1309 Denarius
1181 1252 1500 1327 argenteus
1545 1246 1820 1330 pendens
1867 1265 1949 1326 gr.
1999 1246 2138 1327 gall.
2188 1245 2450 1330 amplius
2496 1266 2624 1309 sex.

583 1349 681 1408 et.
730 1397 785 1411 ..
821 1352 1162 1420 ΜΛΜΟ..
1210 1346 1422 1411 litteris
1467 1349 1840 1431 retrogradis
1887 1348 1947 1411 in
1994 1348 2242 1434 postica.

918 1450 1118 1536 Caput
1162 1450 1455 1536 Apollinis
1501 1452 1856 1517 laureatum.

917 1552 1033 1617 Bos
1078 1553 1341 1618 humana
1385 1553 1537 1618 facie
1584 1576 1618 1619 a
1663 1556 2091 1641 supervolante
2137 1555 2388 1620 victoria
2435 1563 2782 1620 coronatus,

834 1657 1123 1720 Nummus
1185 1667 1275 1722 est
1334 1677 1589 1725 aereus,
1649 1679 1829 1742 quem
1893 1657 2087 1742 reperi
2149 1658 2391 1723 unicum
2439 1659 2497 1724 in
2549 1661 2790 1741 ingente
2847 1678 3227 1723 nummorum

667 1779 885 1823 acervo
943 1767 1116 1825 eruto
1174 1782 1244 1825 ex
1304 1760 1477 1847 aquis
1534 1760 1960 1826 vicarellianis.
2029 1762 2260 1826 Pendet
2317 1763 2441 1827 sere
2489 1783 2577 1845 gr.
2625 1762 2762 1845 gall.
2814 1769 2892 1840 5;
2955 1782 3091 1827 nam
3140 1764 3248 1826 est·

668 1864 823 1927 male
870 1864 1130 1928 habitus,

587 1969 688 2028 25.
743 1967 811 2050 (τ
844 1970 992 2048 tsse)
1043 1970 1108 2050 a)
1165 1973 1537 2038 ROMANO
1582 1967 1676 2033 vel
1735 1972 2061 2042 RomAno
2105 1968 2164 2031 in
2211 1970 2468 2053 postica.

922 2071 1120 2155 Caput
1166 2072 1463 2155 Apollinis
1498 2072 1927 2148 diadematum,
1958 2072 2192 2157 capillis
2229 2073 2390 2136 nodo
2423 2073 2768 2136 constrictis
2801 2073 2876 2137 ad
2911 2072 3236 2137 cervicem.

920 2174 1042 2238 Leo
1091 2175 1264 2260 pedis
1310 2175 1539 2239 sinistri
1587 2156 1896 2258 unguibus
1940 2177 2265 2260 pugionem
2313 2177 2400 2239 ori
2450 2175 2744 2240 insertum
2792 2168 3033 2240 tenens:
3082 2177 3234 2239 satis

1007 2279 1267 2342 absurde
1301 2278 1663 2343 describitur
1686 2298 1720 2341 a
1747 2279 2143 2345 Mommsenio
2168 2279 2264 2343 leo
2290 2279 2574 2363 gradiens
2600 2285 2661 2341 et
2685 2279 2898 2364 pedem
2927 2278 3237 2342 attollens,

754 2382 812 2459 b)
859 2380 1153 2444 Nummus
1198 2399 1420 2445 aereus
1463 2400 1557 2443 ex.
1612 2384 1770 2443 ⁴156
1815 2382 2075 2465 repertis
2121 2382 2182 2443 in
2230 2383 2410 2466 aquis
2455 2380 2867 2447 vicarellianis
2905 2379 3021 2443 hoc
3062 2385 3236 2467 typo,

674 2503 861 2547 cusus
907 2484 966 2546 in
1013 2483 1290 2547 lucerino
1338 2503 1617 2560 nummo,
1665 2484 1941 2567 pendens
1986 2503 2076 2566 gr.
2124 2482 2265 2566 gall.
2311 2503 2449 2559 sex,
2496 2482 2700 2547 semis.
2749 2484 3091 2548 Lucerinus
3139 2485 3247 2548 ha-

674 2587 801 2650 huit
843 2589 901 2650 in
952 2588 1157 2650 antica
1200 2594 1385 2674 caput
1427 2587 1790 2660 barbatum,
1853 2587 1916 2651 iu‘
1959 2587 2194 2671 postica
2239 2584 2627 2672 delphinum,
2675 2589 2855 2672 eique
2899 2588 3242 2652 subiectam

676 2691 935 2755 litteram
990 2697 1042 2762 tr.

757 2794 816 2874 c)
867 2793 940 2855 Hi
990 2795 1215 2858 nummi
1268 2795 1535 2878 pendere
1582 2793 1782 2858 solent
1827 2813 1917 2874 gr.
1967 2792 2104 2876 gall.
2154 2800 2410 2879 septem.
2479 2793 2637 2858 Sunt
2679 2812 2824 2858 vero
2870 2814 2942 2857 ex
2988 2794 3083 2857 his
3131 2795 3236 2879 qui

674 2896 920 2981 duplum
968 2897 1267 2983 pendent,
1316 2917 1571 2982 quorum
1605 2896 1886 2982 exempla
1919 2897 2115 2960 liabeo
2149 2916 2339 2982 penes
2385 2917 2481 2961 me
2527 2897 2648 2962 duo
2695 2900 2947 2962 inventa
2992 2896 3053 2959 in
3103 2896 3239 2960 the-

674 3019 856 3064 sauro
900 3000 1227 3063 morinensi
1270 3001 1409 3064 mihi
1450 3001 1753 3084 descripto
1787 3000 1844 3062 in
1880 2999 2269 3083 Ephemerid.
2304 2999 2571 3064 Instituti
2607 3021 2704 3064 an.
2742 3005 2922 3076 ⁴860,
2961 3003 3239 3063 439-39:

676 3104 904 3186 aliquot
944 3104 1125 3168 etiam
1159 3104 1279 3166 vidi
1313 3105 1369 3165 in
1406 3102 1696 3194 Vaticano
1732 3109 1791 3166 et
1822 3102 1985 3167 alibi.
2034 3102 2260 3166 Similis
2301 3082 2613 3188 ponderis
2651 3124 2866 3187 nempe
2904 3122 2994 3185 gr.
3034 3107 3134 3180 u,
3159 3108 3241 3166 00

672 3214 764 3270 est
804 3207 1233 3294 neapolitanus·
1275 3226 1492 3272 aereus
1537 3206 1729 3271 musei
1776 3208 1998 3270 Aretini
2046 3227 2181 3271 cum
2227 3206 2560 3291 epigraphe
2628 3213 3232 3278 ΝΕΟΠΟΛΙΤΩΝ

676 3316 736 3373 et
782 3311 939 3396 typis
988 3311 1112 3374 his:

925 3413 1126 3498 Caput
1168 3415 1464 3501 Apollinis
1510 3412 1877 3489 laureatum,
1925 3433 2082 3497 poue
2133 3397 2194 3486 Ε

863 3521 873 3532 *
925 3517 1042 3582 Bos
1086 3518 1348 3582 humana
1393 3517 1579 3583 facie:
1629 3538 1814 3608 supra
1860 3520 2323 3592 astrum-infra
2376 3523 2465 3592 Μ,
2513 3517 2570 3580 in
2619 3532 2844 3599 exergo
2898 3524 2957 3587 Ε.

592 3623 691 3684 26.
742 3619 1226 3692 ROMANO‘in
1275 3622 1479 3685 antica
1525 3629 1584 3685 et
1633 3625 1883 3705 postica.

923 3724 1122 3808 Caput
1164 3725 1318 3789 deae.
1364 3724 1695 3808 galeatum,
1744 3725 2026 3810 capillum
2078 3725 2308 3790 habens
2349 3726 2505 3787 nodo
2543 3726 2935 3789 constrictum
2974 3725 3050 3789 ad
3092 3744 3236 3788 cer-

1011 3829 1215 3892 vicem.

928 3931 1147 4017 Aquila
1190 3931 1415 3996 fulmini
1465 3932 1782 4000 insistens,
1832 3932 1948 3994 alis
1995 3932 2254 4016 apertis,
2304 3952 2460 4014 pone
2510 3931 2768 4015 gladius,

844 4035 1137 4099 Nummus
1183 4054 1425 4107 aereus,
1472 4032 1573 4119 qui
1611 4035 1873 4117 pendere
1906 4034 2060 4098 solet
2095 4042 2428 4115 grammata
2467 4038 2563 4109 ⁴7,
2587 4039 2664 4097 00
2700 4041 2850 4097 teste
2885 4035 3235 4107 Sambonio‚

688 4162 716 4197 ι(
749 4137 1136 4202 Becher-ebes
1164 4157 1269 4203 sur
1302 4137 1393 4200 les
1425 4138 1740 4202 monnaies
1775 4138 1847 4200 de
1881 4135 2115 4212 l'ltalie‚
2150 4158 2238 4222 pr.
2264 4144 2439 4220 part„
2471 4158 2525 4221 p.
2563 4140 2665 4199 131
2698 4162 2755 4200 n.
2793 4136 2898 4198 Est
2930 4135 2988 4198 in
3026 4157 3236 4200 museo

680 4242 1048 4307 berolinensi
1097 4249 1154 4305 et
1202 4239 1617 4326 neapolitano;
1667 4239 1792 4303 vidi
1842 4239 2020 4304 etiam
2073 4239 2501 4316 vindobonae,
2553 4238 2872 4324 habeoque
2911 4259 2986 4303 ex
3026 4258 3235 4304 museo

679 4347 1021 4411 londinensi
1070 4364 1209 4410 aere
1255 4365 1626 4431 expressum.
