3440 5114
494 263 583 343 ω

835 388 1047 473 Aquila
1090 410 1223 454 cum
1271 398 1554 475 serpente
1601 392 1854 457 luctans.

746 491 921 556 Edidi
969 513 1042 555 ex
1087 513 1293 558 museo
1339 494 1594 558 Baronis
1641 494 1875 560 Olivae.

666 594 716 676 l)
767 592 1133 667 aiseRNlM
1185 598 1242 664 in
1291 599 1512 662 antica.

831 697 1014 784 Typis
1062 699 1293 764 iisdem.

748 799 922 864 Edidi
970 822 1042 865 ex
1087 805 1298 867 eodem
1345 823 1554 868 museo
1599 803 1833 870 Olivae.

748 904 1179 970 Mommsenius
1227 906 1311 971 ait
1358 915 1695 972 nostrorum
1749 930 2123 973 nummorum
2157 911 2587 993 inscriptorum
2617 903 3002 984 Aiserm‘nor'n,
3035 911 3147 973 Ai-

579 1007 823 1069 serniom
871 1007 1185 1073 lectionem
1237 1012 1606 1092 singularem
1655 1020 1716 1075 et
1763 1013 2004 1076 dubiam
2055 1034 2168 1076 non
2218 1016 2365 1076 satis
2414 1012 2647 1077 idoneis
2693 1013 2948 1078 testibus
2996 1012 3143 1087 niti;

581 1117 702 1173 tum
762 1106 898 1173 esse
960 1131 1185 1175 nicrum
1248 1114 1526 1178 mendum
1587 1114 1858 1178 affirmat.
1931 1115 2088 1181 llaec
2144 1124 2280 1180 sunt-
2326 1115 2501 1201 signa
2546 1116 2727 1181 animi
2773 1117 3144 1202 impotentis.

582 1212 701 1276 Cur
746 1211 903 1276 enim
955 1235 1070 1277 non
1120 1216 1265 1278 vidit
1312 1218 1474 1300 quod
1524 1218 1579 1280 in
1629 1238 1836 1280 museo
1884 1218 2357 1301 Santangeliano
2398 1221 2452 1282 in
2493 1220 2755 1283 omnium
2796 1220 3004 1283 oculos
3045 1221 3144 1281 in-

581 1317 817 1379 currit?
854 1336 962 1380 cur
996 1338 1115 1405 non
1157 1319 1550 1402 interrogavit
1588 1322 1857 1385 amicos?
1897 1342 2004 1385 cur
2044 1320 2160 1385 sibi
2197 1321 2311 1408 ipsi
2351 1324 2480 1387 sine
2510 1341 2697 1387 causa
2727 1321 3144 1386 contradixit?

583 1438 841 1503 namque
886 1432 1060 1486 antea
1107 1429 1171 1485 ut
1216 1420 1615 1487 certissimam
1649 1432 1707 1487 et
1742 1423 2214 1489 sincerissimam
2248 1425 2621 1512 epigraphen
2658 1425 2951 1490 habuerat
2981 1428 3144 1510 apud

586 1521 928 1587 Fiorellium
984 1526 1163 1604 (Ann.
1212 1527 1267 1591 di
1317 1529 1593 1591 numism.
1645 1532 1807 1592 1846
1853 1548 1911 1612 p.
1966 1532 2096 1605 382.

1619 1820 1789 1893 GAP.
1846 1820 2014 1893 Vlll.

1488 2031 1698 2077 Nummi
1746 2034 2147 2083 Paestanum-um.

424 2255 439 2269 ‘
498 2253 598 2313 66.
650 2252 716 2332 (z
748 2253 849 2328 {7}
899 2251 965 2331 a)
1021 2255 1459 2325 ΠΑΙςΤΑΝῡ
1511 2247 1568 2311 in
1619 2250 1844 2325 antica,
1890 2254 1967 2324 m
2008 2245 2242 2333 (ΜΕΕ)
2293 2252 2348 2315 in
2398 2253 2650 2337 postica.

835 2353 1030 2438 Caput
1073 2351 1335 2416 iuvenile
1381 2360 1618 2418 arrecta
1664 2355 1720 2415 in
1772 2354 1961 2417 fronte
2008 2374 2208 2430 coma,
2257 2354 2313 2417 in
2363 2355 2662 2418 cervicem
2711 2353 2870 2419 ssuxo
2915 2362 2977 2417 et
3020 2375 3146 2418 un-

916 2456 1094 2520 dante
1141 2456 1394 2540 capillo,
1443 2457 1699 2540 palustri
1748 2457 1958 2520 frutice
2003 2455 2380 2537 redimitum3
2427 2477 2584 2542 pone
2630 2457 3067 2540 capeduncula.

830 2561 963 2625 Duo
1010 2559 1271 2624 dioscori
1319 2562 1376 2623 in
1426 2561 1599 2644 equis
1646 2559 1976 2642 pantherae
2024 2562 2178 2643 pelle
2225 2563 2429 2624 stratis
2453 2561 2845 2638 exultantes,
2882 2581 3150 2647 quorum

920 2661 1218 2746 capitibus
1263 2663 1495 2739 stellae,
1543 2664 1730 2727 altera
1765 2683 1924 2726 nunc
1956 2664 2192 2739 detrita,
2221 2663 2693 2750 supereminent.
2731 2663 2958 2728 Horum
2991 2665 3151 2728 inte-

920 2766 1045 2828 rior
1090 2763 1194 2849 qui
1243 2773 1336 2829 est
1373 2767 1593 2829 intecto
1632 2767 1858 2829 vertice
1897 2767 2128 2849 palmae
2167 2786 2426 2838 ramum,
2467 2768 2728 2830 exterior
2765 2764 3023 2850 pileatus
3057 2768 3150 2830 se-

920 2868 1110 2932 rulam
1161 2867 1410 2932 humero
1458 2868 1802 2932 reclinatam
1853 2870 1994 2941 sert,
2044 2891 2112 2932 ex
2160 2889 2281 2952 qua
2327 2889 2550 2933 corona
2599 2870 2837 2953 pendet.

752 2971 886 3034 Vidi
936 2972 991 3033 in
1042 2991 1249 3042 museo
1296 2973 1659 3035 monacensi.
1732 2971 1932 3034 Edidit
1975 2972 2303 3036 Avellinius
2352 2979 2483 3055 post
2529 2970 2983 3054 Millingenum,
3031 2973 3150 3035 de-

581 3075 946 3160 scripsitque
984 3094 1196 3158 opusc.
1232 3074 1346 3136 vol.
1382 3075 1456 3150 ll,
1494 3093 1548 3156 p.
1586 3078 1662 3136 93
1703 3076 2048 3137 accuratius
2082 3094 2256 3156 quam
2290 3094 2428 3137 aere
2462 3076 2760 3159 expressit
2786 3074 2843 3136 in
2880 3074 2994 3136 tab.
3040 3074 3149 3147 tv,

569 3184 635 3241 9.
682 3176 1046 3241 Ritsclielius
1095 3185 1290 3240 tamen
1342 3175 1453 3239 hac
1506 3178 1706 3240 tabula
1756 3199 1901 3240 usus
1948 3184 2038 3239 cst
2083 3177 2155 3238 ad
2205 3177 2459 3253 lineam,
2500 3177 2891 3260 quamobrem
2936 3180 3149 3239 nescio

581 3300 760 3365 quam
810 3300 949 3346 vere
997 3281 1240 3363 scripsit
1287 3279 1527 3360 (Enarr.
1567 3279 1697 3354 Vll,
1734 3281 1832 3358 59)
1886 3300 2112 3365 gypseo
2145 3300 2209 3341 se
2241 3279 2516 3364 exemplo
2560 3277 3005 3343 vindobonensi
3057 3281 3147 3341 ita

582 3404 756 3446 usum
807 3392 871 3448 ut
915 3383 1091 3446 simul
1141 3380 1576 3446 Avellinianum
1617 3390 1673 3444 et
1712 3383 2222 3464 Millingenianuin
2271 3385 2651 3465 exprimeret.
2699 3382 2787 3445 Ad
2833 3402 3144 3445 nummum

580 3489 768 3551 musei
836 3485 1315 3548 Vindobonensis
1362 3506 1534 3548 suuni
1584 3485 1825 3549 dedisse
1871 3486 2124 3549 altirinat
2171 3486 2346 3548 ctiam
2395 3485 2844 3548 Moinmscnius.
2912 3485 2977 3548 ln
3028 3486 3144 3548 ‹le-

581 3590 907 3674 scriptione
952 3597 1229 3652 errarunt
1266 3608 1489 3652 omnes.
1540 3587 1875 3652 Avellinius
1915 3590 1972 3651 in
2016 3588 2462 3651 vindobonensi
2504 3609 2611 3652 seu
2647 3587 2992 3652 Carelliano
3030 3589 3150 3652 hoc

582 3712 1029 3773 monogramma
1075 3711 1210 3756 esse
1258 3690 1407 3755 dixit
1454 3698 1527 3769 M(
1577 3691 1728 3774 (vid.
1760 3690 2025 3755 animad.
2069 3693 2142 3754 ad
2186 3692 2403 3756 Catelli
2444 3693 2619 3756 catal.
2656 3693 2748 3754 ed,
2789 3691 2846 3754 in
2886 3692 3150 3757 Carellio

577 3798 1043 3877 cavedoniano).
1084 3794 1235 3857 'l'um
1271 3795 1697 3858 Mommsenius
1732 3793 1951 3857 lineam
1988 3794 2149 3856 illam
2184 3793 2512 3866 sinuosum,
2548 3815 2669 3877 qna
2701 3803 2919 3857 terrant
2953 3796 3145 3876 signi-

578 3901 757 3965 ficant
801 3897 1092 3968 artifices.
1140 3898 1361 3981 cuique
1409 3899 1529 3963 duo
1577 3899 1815 3982 equites
1863 3898 2162 3968 insistunt,
2214 3898 2362 3960 mire
2400 3917 2509 3980 pro
2543 3905 2823 3982 serpente
2872 3901 3150 3981 acecpit;

575 4024 751 4088 quani
801 4022 942 4066 vero
981 4001 1101 4065 dixi
1144 4002 1620 4084 capedunculani
1662 4021 1914 4085 c3cnum
1957 4006 2092 4083 post
2133 3999 2286 4064 alies
2325 4001 2669 4083 appellaiit.
2722 4001 3042 4064 Praeterea
3083 3999 3147 4062 in

578 4109 775 4170 antica
826 4114 1009 4189 caput
1055 4106 1353 4189 Apollinis
1403 4107 1781 4190 laureatum,
1838 4103 1895 4166 in
1947 4104 2179 4185 postica
2231 4109 2549 4185 utrumque
2598 4105 2859 4185 equitem
2908 4102 3150 4186 palmas

578 4220 813 4280 tenere.
857 4210 1135 4290 intraque
1168 4228 1303 4272 esse
1341 4206 1589 4271 litterani
1631 4214 1684 4277 Μ
1729 4206 2065 4270 atlirmavit.
2106 4205 2329 4268 'l'amen
2367 4205 2745 4285 Millingenus
2776 4205 3147 4268 Avellinium

576 4319 893 4379 monuerat
929 4313 1088 4374 illam
1130 4295 1184 4373 is»
1229 4310 1455 4376 nummi
1495 4309 1695 4374 antica
1735 4310 2051 4390 imaginem
2090 4307 2382 4392 Apollinis
2415 4327 2548 4370 esse
2582 4327 2698 4371 non
2736 4327 2934 4389 posse,
2971 4307 3152 4392 isque

578 4419 633 4480 in
698 4416 1007 4502 opusculis
1068 4414 1484 4496 Millingenum
1536 4420 1819 4487 secutus,
1868 4420 1961 4474 cst
2008 4413 2325 4494 opinatus,
2379 4409 2624 4473 fluvium
2674 4410 2915 4473 Silarim
2965 4431 3152 4496 posse

575 4520 831 4592 referre,
879 4520 1039 4603 quod
1089 4527 1249 4582 recte
1298 4516 1675 4580 continuavit
1725 4516 1904 4579 allato
1953 4534 2192 4578 nummo
2237 4514 2683 4596 Salapinorum.
2740 4511 2934 4597 Ripae
2983 4521 3152 4576 certe

576 4622 786 4687 Silaris
834 4629 971 4688 suut
1018 4621 1379 4705 paludosae,
1429 4623 1808 4704 inteetneque
1856 4619 2050 4681 iuncis
2097 4623 2155 4679 et
2202 4616 2419 4680 frutice
2468 4615 2738 4700 palustri.
