3440 5114
2811 324 2909 382 647

238 462 618 509 nummorum
691 443 1015 530 descriptio
1084 446 1560 509 mommseniana
1628 424 2005 526 aliorumque
2072 449 2385 508 auctorum
2450 442 2671 528 quibus
2729 445 2787 507 in
2832 445 2983 510 locis

322 528 677 592 emendatur
723 532 783 604 2,
833 534 890 603 3,
938 533 995 602 5,
1049 534 1144 605 44,
1196 533 1291 603 49,
1341 534 1440 601 25,
1492 533 1569 591 32
1615 551 1662 604 c,
1708 531 1761 603 d,
1810 533 1888 591 36
1936 530 1968 590 b
2014 532 2112 603 54,
2159 550 2206 603 c,
2254 533 2329 592 59
2377 550 2406 590 c
2453 533 2517 590 64
2575 531 2634 604 ά,
2685 534 2784 606 63,
2818 535 2898 593 65
2921 554 2978 610 9,

324 619 428 687 66,
476 616 553 676 70
602 615 624 672 i
673 612 1033 696 (Borghes)
1084 616 1165 678 75
1210 636 1240 674 e
1281 616 1361 677 76
1408 613 1803 698 h·(Caved.),
1854 617 1931 676 80
1982 612 2245 695 (Mionn.)
2295 616 2416 676 305
2459 633 2514 687 α,
2562 634 2621 698 p.
2674 618 2813 689 436,
2863 620 2980 679 468

328 696 640 780 (Cohen),
688 700 828 772 470,
878 701 999 761 472
1051 697 1337 779 (Sestin.)

241 801 623 846 numerorum
671 782 843 863 signa
889 802 1217 879 earumque
1265 783 1433 864 origo
1481 802 1553 846 ex
1606 783 1813 847 formis
1859 780 2186 845 dimidiatis
2232 803 2292 866 p.
2346 786 2419 845 43

240 864 533 930 Numicus
566 866 783 931 fluvius
818 876 878 931 et
907 870 1208 931 Ascanius
1239 865 1415 931 beros
1448 868 1810 932 invocantur
1841 887 1876 930 a
1906 873 2187 951 praetore
2220 867 2482 930 maximo
2514 864 2744 931 Lavinii
2777 888 2834 952 p.
2864 871 2972 930 334

242 958 339 1029 0,
389 958 483 1023 Ο,
518 954 608 1099 to,
655 952 951 1097 0⁴fprma
995 951 1252 1016 rotunda
1299 953 1628 1036 quadrata,
1677 952 1835 1016 infra
1879 951 2074 1026 biam,
2120 972 2178 1035 p.
2227 958 2262 1013 5
2308 971 2427 1035 quo
2477 958 2746 1035 tempora
2793 959 2857 1020 0
2909 973 2984 1016 u-

324 1053 512 1120 surpa
543 1055 579 1098 a
624 1056 681 1119 p.

244 1117 322 1183 ob
370 1119 661 1185 fidelitate
709 1128 770 1184 et
816 1118 1046 1195 oficeis,
1094 1120 1172 1185 ob
1220 1121 1445 1185 meritis
1491 1122 1641 1186 sniis
1691 1125 1853 1186 4384

242 1205 482 1269 occisus
528 1211 620 1269 est
663 1206 892 1290 praelio
940 1208 1059 1284 979
1108 1206 1395 1270 occeisus·
1434 1208 1596 1270 4075

186 1350 193 1355 .
241 1292 324 1363 oi„
362 1310 424 1351 oe
470 1292 529 1351 in
577 1291 679 1354 dat
724 1292 856 1371 sing
908 1293 980 1366 oi,
1028 1312 1111 1365 oe,
1161 1291 1263 1366 οἱς,
1310 1312 1401 1352 oes
1433 1292 1490 1354 in
1529 1311 1684 1355 nom.
1722 1291 1841 1354 dat.
1874 1296 1933 1352 et
1965 1287 2083 1353 abl.
2128 1287 2463 1372 pluralibus
2512 1288 2983 1355 declinationum

328 1380 603 1439 veterum
697 1426 707 1436 .
760 1381 836 1438 33

246 1459 303 1521 oi
347 1465 438 1521 est
484 1396 988 1531 vetuslt'issimum,
1036 1478 1099 1520 oe
1144 1459 1347 1544 caepit
1392 1463 1671 1545 usurpari
1718 1457 1919 1523 medio
1975 1460 2218 1523 saeculo
2273 1459 2561 1543 septimo,
2627 1481 2745 1544 qua
2792 1468 2989 1524 aetate

330 1544 506 1608 etiam
552 1566 594 1607 u
638 1550 699 1607 et
741 1549 783 1606 ά
826 1563 934 1628 pro
982 1545 1071 1617 oi,
1129 1564 1192 1606 oe
1257 1546 1611 1622 adhibetur,
1682 1554 1805 1609 tum
1875 1545 2336 1627 permutationis
2394 1548 2449 1607 oi
2509 1544 2568 1608 in
2634 1568 2696 1606 oe
2758 1546 2990 1630 aliquot

329 1629 609 1713 exempla
653 1635 815 1704 sunt,
861 1636 921 1692 et
965 1631 1020 1690 oi
1067 1629 1123 1691 in
1171 1650 1232 1705 o;
1280 1631 1490 1695 harum
1537 1638 1770 1694 aetates
1819 1628 2191 1693 deliniuntur
2235 1651 2294 1714 p.
2343 1635 2420 1692 26

246 1711 487 1776 officina
532 1715 863 1778 monetaria
910 1714 1112 1777 Paesti
1160 1715 1218 1777 in
1267 1717 1526 1778 nummis
1577 1722 1717 1799 typo
1766 1717 1844 1776 66
1883 1732 1960 1777 αα

248 1800 305 1858 ol
350 1817 458 1880 pro
503 1799 567 1860 ul
609 1798 670 1860 in
716 1796 924 1861 radice
971 1816 1186 1863 vocum
1225 1800 1434 1882 paucis
1460 1800 1730 1882 exceptis
1761 1798 2010 1862 saeculo
2036 1806 2206 1863 sexto
2238 1804 2585 1864 constanter
2617 1806 2993 1884 usurpatum,

333 1883 528 1946 rarius
574 1884 832 1967 septimo
876 1903 935 1965 p.
982 1886 1061 1945 24

249 1963 510 2049 optimus
557 1967 648 2030 vir
689 1967 956 2032 virorum
1003 1986 1385 2031 romanorum
1433 1965 1896 2033 bonorum'865

250 2070 407 2134 opus
454 2051 653 2115 facere
703 2055 883 2128 4073,
931 2070 1084 2135 opus
1131 2053 1333 2116 locare
1379 2056 1667 2137 operique
1706 2052 1865 2115 diem
1899 2053 2103 2117 dicere
2135 2055 2278 2129 920,
2307 2066 2376 2120 98
2413 2051 2616 2136 operis
2648 2052 2996 2135 redemptor

334 2136 591 2218 praedes
649 2136 795 2200 dare
857 2137 1227 2219 praediaque
1272 2137 1627 2219 subsignare
1673 2135 1915 2200 iubetur
1961 2141 2105 2213 927,
2150 2154 2203 2212 ι,
2239 2151 2307 2204 78
2353 2156 2504 2220 opus
2565 2137 2825 2220 probare
2874 2138 2996 2199 567

246 2218 561 2303 opiniones
605 2220 983 2285 Mommsenii
1033 2222 1088 2284 in
1136 2221 1632 2306 inscriptionibus
1679 2223 2036 2287 enarrandis
2079 2220 2437 2285 refelluntur
2486 2226 2539 2295 2,
2587 2226 2622 2283 3
2673 2242 2711 2283 a
2757 2223 2789 2281 b
2826 2237 2876 2293 5,
2915 2237 2994 2295 ιι,

336 2320 418 2379 46,
467 2320 551 2381 95,
596 2321 662 2371 39
707 2328 737 2367 c
780 2307 820 2368 d
861 2320 927 2371 54
974 2326 1003 2367 c
1048 2306 1128 2369 65
1175 2309 1253 2368 66
1299 2308 1378 2369 70
1422 2310 1443 2367 i
1486 2309 1567 2370 75
1614 2308 1646 2368 b
1681 2310 1817 2378 493,
1853 2311 2000 2384 305,
2038 2312 2180 2379 363,
2214 2328 2271 2390 p.
2303 2310 2442 2378 436,
2486 2308 2625 2379 457,
2669 2308 2810 2381 474,
2847 2308 2997 2377 839,

334 2394 476 2465 859,
522 2393 663 2465 867,
714 2394 857 2468 877,
904 2391 1052 2463 892,
1101 2394 1251 2466 899,
1299 2395 1447 2465 904,
1497 2394 1648 2466 905,
1696 2396 1807 2454 944
1868 2396 1989 2455 947
2038 2390 2177 2455 vide
2223 2391 2389 2466 add„
2442 2393 2589 2463 926,
2643 2395 2792 2460 934,
2844 2392 2995 2461 966,

334 2477 477 2549 974,
527 2478 670 2548 980,
720 2478 902 2550 4000,
954 2478 1134 2547 4026,
1186 2478 1369 2552 4034,
1424 2480 1606 2549 4090,
1656 2479 1839 2551 4097,
1893 2480 2072 2550 4444,
2123 2477 2307 2550 4374,
2357 2478 2540 2552 4444,
2595 2476 2775 2549 4448,
2815 2477 2996 2537 4453.

339 2562 521 2632 4464,
576 2563 757 2634 4487,
808 2561 991 2632 4547,
1043 2564 1226 2635 4523,
1276 2565 1459 2636 4524,
1512 2564 1690 2636 4533,
1743 2565 1903 2624 4645

253 2642 733 2728 Op(it)ergiu(m)
779 2644 839 2707 in
887 2644 1106 2726 glande
1162 2643 1385 2709 bellica
1439 2652 1837 2710 memoratum
1884 2645 2190 2730 proverbii
2237 2644 2370 2709 loco
2418 2643 2891 2727 opiterginorum
2938 2643 2998 2704 in

341 2726 490 2792 mari
536 2727 949 2792 fortitudinem
995 2729 1338 2794 revocantis
1385 2733 1495 2792 974

253 2820 572 2896 opstruere
617 2813 845 2878 lumina
890 2814 1157 2897 parietis,
1206 2814 1507 2878 redimere
1553 2816 1647 2879 ius
1694 2813 1982 2898 luminum
2032 2813 2534 2898 opstruendorum
2586 2816 2747 2875 4689

260 2904 301 2968 Ρ
346 2898 583 2962 litterae
630 2898 859 2962 formae
898 2906 1020 2962 tres
1075 2907 1148 2973 Π,
1199 2905 1255 2974 Γ,
1303 2905 1343 2968 Ρ
1370 2898 1816 2965 vetustissimae
1848 2919 1904 2982 p.
1938 2903 1992 2975 5,
2025 2918 2145 2983 quo
2171 2907 2450 2982 tempore
2483 2916 2762 2982 quaeque
2796 2915 3002 2963 earum

337 2980 646 3067 potissime
696 2989 988 3068 usurpata
1034 3004 1090 3079 p.
1142 2987 1243 3058 44,
1295 2988 1371 3046 42

254 3066 455 3151 Papos
502 3067 636 3131 loco
680 3071 1088 3151 praenominis
1137 3069 1213 3132 ad
1263 3088 1317 3130 n.
1370 3073 1489 3131 555

256 3171 470 3235 pacem
519 3153 781 3216 numinis
829 3172 1045 3234 rogare
1093 3173 1315 3217 numen
1363 3161 1426 3216 ut
1471 3154 1656 3216 faciat
1702 3151 2071 3229 facultatem,
2118 3152 2178 3216 h.
2228 3172 2278 3216 e.
2326 3171 2464 3216 eum
2511 3149 2627 3215 sibi
2676 3149 3003 3234 propitium

343 3244 403 3300 et
449 3237 806 3301 benevolum
852 3256 1068 3318 rogare
1114 3242 1234 3301 892
1284 3239 1383 3321 qui
1433 3237 1689 3321 pace(m)
1743 3236 1993 3319 tou(am)
2042 3236 2195 3321 petit
2240 3235 2485 3300 adiouta
2532 3240 2682 3297 4844

261 3327 698 3392 Paestanorum
745 3340 1125 3386 nummorum
1172 3324 1363 3387 series
1412 3320 1687 3386 ordinata
1734 3327 1811 3385 66
1856 3325 1894 3400 t*

261 3404 403 3505 pagi
448 3406 794 3470 retribuunt
838 3407 1156 3489 pecuniam
1201 3407 1427 3492 populo
1479 3409 1639 3471 4790

301 3491 401 3572 agi
447 3497 618 3555 extra
665 3492 905 3555 moenia
951 3490 1122 3556 urbis
1170 3493 1487 3556 servianae
1530 3489 1714 3587 positi
1764 3488 2163 3555 Ianicolensis
2210 3498 2271 3554 et
2314 3490 2635 3554 Montanus
2678 3494 2839 3554 4433

308 3576 552 3639 alacnus
602 3594 885 3640 nummus
933 3575 1363 3657 Paelignorum
1410 3575 1578 3639 sedis
1626 3576 1891 3639 incertae
1939 3580 2008 3639 74
2066 3597 2103 3639 a
2150 3577 2182 3637 b

257 3658 432 3724 Paris
476 3662 536 3723 in
584 3660 810 3726 iudicio
858 3661 1111 3725 dearum
1156 3659 1479 3724 Victoriam
1530 3661 1800 3725 tribuens
1849 3657 2063 3724 Veneri
2114 3662 2257 3739 534,
2308 3663 2445 3734 535,
2495 3657 2716 3742 hospes
2763 3657 2841 3722 ad
2889 3657 3011 3722 He·

345 3744 545 3809 lenam
592 3744 822 3809 aditum
870 3747 1112 3830 quaerit
1157 3749 1299 3819 525,
1348 3744 1480 3810 eius
1528 3746 1713 3810 fatum
1763 3746 1882 3807 536

262 3837 543 3915 pastores
590 3830 815 3895 cedunt
861 3830 937 3902 de
984 3848 1128 3913 agro
1173 3829 1419 3914 publico
1467 3829 1808 3894 aratoribus
1856 3832 1977 3891 904

262 3913 524 3998 pecunia
566 3915 625 3978 in
673 3913 836 3978 fiscis
883 3915 1206 3995 obsignata
1253 3920 1396 3991 944,
1442 3933 1526 3987 67,
1572 3930 1639 3981 68

261 4000 582 4084 pecuniam
631 4018 987 4064 consumere
1035 4000 1092 4063 in
1139 3998 1315 4064 ludos
1363 4006 1467 4064 aut
1514 4001 1572 4062 in
1623 4004 2013 4063 monumenta
2058 4017 2091 4061 e
2136 3997 2271 4080 lege
2321 4000 2480 4062 4688

262 4084 526 4168 pecunia
568 4103 742 4148 sacra
792 4088 955 4149 4503
1007 4088 1169 4148 4504
2091 4087 2110 4099 ’

263 4175 582 4253 pemntum
627 4188 739 4233 seu
787 4175 1155 4254 pementum,
1186 4168 1261 4233 de
1308 4189 1419 4233 suo
1466 4174 1754 4251 pementu
1805 4167 1980 4243 secet,
2015 4166 2128 4231 hoc
2175 4174 2265 4231 est
2310 4165 2384 4230 de
2431 4165 2639 4230 labore
2687 4184 2816 4238 suo,
2852 4169 3014 4229 4393

264 4252 590 4336 petitorum
638 4260 888 4318 eventus
936 4261 1298 4338 prosper-ant
1341 4253 1463 4318 divi
1511 4272 1571 4335 p.
1620 4256 1730 4316 334

266 4338 503 4422 plostra
549 4337 775 4402 ducere
821 4357 1004 4422 agere
1055 4342 1237 4413 4060,
1285 4355 1348 4405 57
1393 4353 1463 4406 60
1504 4354 1571 4404 64
1616 4354 1682 4405 65

265 4422 490 4507 pocula
534 4419 664 4487 deis
710 4421 970 4488 Saturno
1022 4428 1128 4487 484
1188 4422 1454 4487 Volcano
1490 4425 1634 4499 483,
1669 4421 1821 4484 divis
1849 4420 2211 4506 Aesculapio
2243 4425 2380 4496 476,
2414 4418 2558 4483 Κ6ι·ἰ
2596 4420 2738 4496 479,
2762 4416 3018 4482 divabus

350 4506 671 4655 &equitiae
709 4509 846 4584 475,
878 4508 1125 4574 Belolae
1158 4509 1297 4585 477,
1329 4507 1536 4574 Catiae
1567 4508 1691 4570 vide
1722 4507 1870 4582 add„
1902 4505 2098 4571 Curae
2133 4507 2274 4582 478,
2308 4505 2618 4569 Lavernae
2654 4507 2798 4581 480,
2827 4500 3019 4567 Saluti

400 4592 557 4658 icata
610 4596 729 4658 482
1662 4613 1673 4622 ·
