3440 5114
512 432 791 498 columna
821 433 953 496 viae
987 430 1267 497 ostiensis
1309 434 1359 512 R
1389 483 1401 507 ,
1440 435 1529 512 E,
1565 433 1621 496 in
1655 431 1876 496 cistula
1907 431 2294 518 praenestina
2326 435 2420 513 ΓΙ,
2468 436 2513 516 [ξ
2540 457 2557 513 3
2590 434 2649 497 in
2680 450 2787 497 ara
2814 433 3053 517 Cleonis
3085 435 3162 518 R.

505 535 741 620 Appicti
785 535 974 621 apicis
1020 534 1187 617 origo
1236 534 1410 598 facile
1459 536 1910 599 demonstratur
1957 534 2279 599 collatione
2319 535 2623 601 titulorum
2657 535 3162 601 Chalcidensium.

390 680 393 685 »
507 637 592 700 Ex
638 637 963 723 epigraphe
1010 658 1264 702 cumana
1307 638 1560 723 graphio
1607 646 1854 702 exarata
1900 638 2092 702 edidit
2137 637 2531 703 Minervinius
2576 640 2820 704 sormam
2865 642 2947 720 ρῶ
2985 641 3162 724 plane

508 740 899 823 singularem:
948 762 1018 805 ea
1062 749 1299 806 constat
1345 761 1420 806 ex
1466 743 1766 808 communi
1814 743 2169 826 retrograda
2208 747 2246 815 <l
2288 742 2382 806 cui
2431 762 2586 826 apex
2633 743 2784 806 infra
2829 750 3072 827 aptatur
3104 744 3163 805 in

509 843 666 907 hunc
726 844 966 909 modum
1012 844 1103 928 ς.
1166 846 1296 909 Pari
1354 843 1579 910 ratione
1636 845 1892 910 effictam
1950 844 2242 910 habemus
2302 844 2361 910 in
2417 845 2752 931 epigraphe
2810 845 3076 910 thebana
3129 864 3166 908 a

508 947 798 1030 Rangabe
832 948 991 1012 edita
1027 952 1292 1027 1]on
1331 952 1715 1028 ΑΩῩΟΝΤ
1753 948 1988 1031 (Πύρῥου
2012 947 2371 1033 Ἄρχοντος).
2406 948 2657 1012 Additus
2679 950 2861 1030 igitur
2890 956 2982 1013 est
3009 969 3164 1033 apex

518 1055 580 1112 ut
626 1047 842 1115 melius
898 1055 981 1131 ρῶ
1026 1060 1062 1114 a
1113 1050 1314 1125 δέλτα,
1363 1070 1520 1134 quae
1582 1070 1653 1115 eo
1712 1052 1837 1115 fere
1898 1053 2075 1117 modo
2134 1050 2299 1137 pingi
2362 1051 2622 1128 solebat,
2670 1051 3164 1134 distingueretur.

511 1152 739 1218 Nomen
791 1152 1172 1218 Cassandrae
1219 1155 1305 1217 sic
1351 1156 1558 1218 dorica
1604 1154 1944 1219 litteratura
1990 1155 2082 1218 bis
2130 1155 2244 1237 legi
2294 1156 2349 1218 in
2397 1161 2605 1240 patera
2640 1163 2880 1219 etrusca
2914 1155 3167 1241 graphio

506 1263 775 1320 notatum
829 1261 1330 1335 ΚΒΜΑΝῠβΑ,
1383 1263 1862 1331 ΚΒΜΑΝρῠΑ
1886 1307 1899 1332 ,
1946 1259 2003 1321 iu
2052 1278 2172 1341 quo
2207 1264 2324 1321 tam
2357 1258 2491 1321 leve
2523 1256 2855 1323 discrimen
2889 1265 2981 1322 est
3016 1259 3170 1322 inter

507 1357 610 1422 illa
655 1360 773 1423 duo
820 1359 1135 1433 elementa,
1176 1367 1238 1422 ut
1286 1360 1595 1424 evidenter
1639 1367 1933 1445 appareat
1979 1378 2136 1443 quae
2182 1360 2360 1424 fuerit
2405 1358 2542 1423 olim
2591 1380 2777 1425 causa
2821 1359 3013 1446 apicis
3060 1362 3169 1425 ad-

506 1460 710 1525 dendi.
760 1461 833 1523 Et
879 1461 977 1526 bic
1022 1464 1265 1547 quidem
1321 1481 1473 1548 apex
1534 1461 1757 1548 duplici
1812 1463 1989 1526 modo
2036 1470 2132 1525 est
2176 1464 2485 1548 appictus:
2541 1472 2643 1529 aut
2686 1464 2842 1529 enim
2888 1463 3160 1528 lunulam

508 1564 659 1629 infra
700 1563 964 1629 hiantem
1011 1566 1194 1630 ductu
1241 1567 1508 1651 repando
1555 1566 1992 1650 aliquantulum
2041 1565 2414 1649 producitur,
2462 1576 2564 1631 aut
2607 1568 2689 1631 ita
2732 1574 2971 1653 aptatur
3018 1587 3154 1633 ver-

513 1666 675 1731 ticali
721 1675 788 1732 ut
834 1670 1010 1732 modo
1058 1668 1279 1743 iaceat,
1328 1670 1503 1734 modo
1550 1669 1797 1754 oblique
1844 1675 2146 1734 excurrat.

674 1776 741 1849 S,
793 1774 846 1840 5.
895 1771 1059 1835 Stela
1103 1772 1565 1837 Democharidis
1601 1780 1660 1867 et
1694 1773 1959 1836 'rataeae
1991 1771 2268 1857 lecythus
2305 1779 2366 1837 ct
2404 1775 2625 1839 nummi
2661 1774 2871 1857 Regini
2905 1773 3159 1837 sormam

508 1873 856 1956 angulatam
903 1874 1214 1959 praebent,
1263 1873 1572 1940 sinuosam
1620 1895 1762 1939 vero
1797 1883 1920 1940 tum
1954 1874 2064 1961 ipsi
2106 1874 2330 1940 nummi
2369 1876 2617 1960 Regini,
2659 1885 2780 1940 tum
2814 1877 3166 1941 Latinorum

507 1996 613 2041 aes
658 1976 874 2042 librale
922 1976 1164 2062 aliaque
1212 1986 1627 2044 monumenta:
1674 1978 1819 2042 item
1868 1985 1928 2041 et
1971 1977 2315 2062 promiscue
2361 1980 2538 2044 modo
2585 1981 2662 2044 ad
2712 1981 2980 2044 dextram
3030 1974 3066 2051 Β
3117 1986 3171 2055 5,

508 2076 684 2147 modo
731 2080 807 2144 ad
869 2082 1170 2165 sinistram
1222 2089 1256 2153 2
1307 2089 1335 2153 ὲ
1380 2101 1762 2147 conversam.
1827 2081 2043 2146 Falisci
2106 2084 2208 2168 qui
2258 2083 2538 2148 scribunt
2594 2083 2947 2165 retrogrado
3006 2101 3174 2147 more

505 2191 771 2257 etrusco,
819 2208 846 2246 s
892 2191 1088 2250 tamen
1139 2183 1432 2249 adhibent
1473 2186 1596 2250 fere
1641 2184 1871 2270 ubique
1918 2174 2336 2270 respicientem
2383 2186 2460 2249 ad
2500 2187 2771 2252 dextram
2815 2192 2849 2257 2
2888 2187 2971 2249 uti
3018 2183 3176 2248 Mes·

505 2288 805 2350 saniorum
854 2288 1075 2351 nummi
1124 2307 1199 2350 ex
1244 2289 1457 2351 dextra
1494 2286 1556 2350 in
1594 2286 1901 2352 sinistram
1938 2294 2194 2363 vertunt,
2233 2287 2627 2373 scribuntque
2680 2293 3169 2360 ΜΕὶὶΕΝΙΟΝ.

672 2397 742 2460 Τ.
790 2391 972 2457 Linea
1017 2400 1362 2455 transversa
1416 2392 1887 2475 superimposita
1942 2391 2203 2455 verticali
2250 2390 2495 2456 brevior
2543 2394 2599 2456 in
2662 2392 2908 2476 priscis,
2949 2390 3172 2475 produ·

506 2493 656 2559 ctior
696 2494 752 2555 in
791 2494 1228 2560 recentioribus
1266 2501 1374 2559 est.
1413 2493 1756 2579 Aliquando
1794 2494 1974 2559 etiam
2007 2514 2124 2559 non
2160 2495 2338 2572 iacet,
2378 2495 2483 2560 sed
2523 2494 2831 2578 fastigiata
2866 2494 3175 2577 effingitur

505 2601 563 2661 in
611 2598 770 2663 bunc
830 2599 1072 2665 modum
1134 2602 1226 2678 η’,
1284 2606 1349 2662 ut
1393 2599 1451 2662 in
1498 2598 1718 2664 lamina
1763 2619 1954 2663 aenea
2001 2599 2118 2663 illa.
2179 2598 2244 2662 ln
2293 2598 2533 2683 lecytho
2585 2619 2844 2664 cumano
2895 2601 3176 2683 quamvis

505 2703 853 2783 retrogrado
898 2703 1118 2787 scripto
1163 2701 1516 2786 obliquatur
1561 2703 1636 2767 ad
1683 2702 1985 2778 dextram,
2037 2706 2124 2781 7⁵.
2172 2702 2420 2766 Paulum
2469 2702 2624 2766 infra
2670 2709 2896 2767 rectam
2947 2702 3172 2765 lineam

510 2812 914 2869 transversam
961 2805 1432 2870 descendentem
1479 2808 1572 2884 f,
1622 2806 1718 2869 vel
1766 2805 2153 2880 dimidiatam,
2201 2806 2439 2888 qualem
2487 2803 2772 2869 exhibent
2815 2805 3051 2868 Etrusci
3106 2810 3176 2880 Υ,

507 2916 565 2970 et
609 2909 711 2991 qui
759 2909 835 2973 ab
882 2908 1151 2973 Etruscis
1197 2908 1462 2994 pendent
1504 2908 1760 2984 Falisci,
1807 2917 1869 2973 et
1912 2908 2267 2993 Capenates,
2330 2915 2370 2980 Υ
2420 2910 2476 2972 in
2525 2909 2778 2973 Graecis
2823 2915 2883 2970 ct
2939 2909 3171 2973 Latinis

510 3012 933 3076 vetustissimis
979 3013 1252 3097 exemplo
1297 3021 1463 3077 caret
1507 3013 1744 3076 idoneo.
1791 3012 2179 3077 Monumenta
2223 3010 2544 3095 phaenicia
2589 3033 2624 3076 a
2671 3011 3070 3076 (Ianaanitide
3111 3019 3171 3076 et

508 3114 737 3179 Assiria
784 3117 960 3180 modo
996 3115 1381 3180 decussatam
1419 3121 1468 3186 Χ
1504 3115 1682 3179 modo
1723 3122 2127 3178 transversam
2163 3114 2222 3178 in
2255 3133 2484 3179 summa
2520 3114 2785 3179 verticali
2819 3120 2871 3186 4·
2902 3112 3170 3199 oblique,

511 3225 752 3282 recteve
797 3226 846 3288 4-
892 3217 1269 3283 commissam
1317 3225 1660 3282 constanter
1702 3224 2182 3302 repraesentant.
2235 3217 2515 3281 Ultimam
2562 3215 2719 3282 hanc
2769 3215 3018 3281 sormam
3076 3219 3169 3281 in-

514 3324 689 3385 ienio
736 3324 793 3385 in
846 3328 1108 3394 ΜΕ-ΗΟ
1157 3323 1384 3406 speculi
1434 3319 1803 3406 praenestini
1851 3328 1968 3385 tam
2017 3319 2307 3404 singulari
2354 3320 2634 3404 exemplo
2679 3339 2856 3405 quam
2904 3328 3089 3384 certo.

684 3433 765 3501 v,
816 3428 916 3504 Nl,
965 3428 1066 3504 V.
1135 3426 1414 3487 Litteram
1462 3423 1615 3487 hanc
1662 3422 1791 3486 sive
1839 3425 2141 3500 vocalem,
2186 3423 2315 3486 sive
2361 3431 2794 3488 consonantem
2839 3421 2933 3487 bis
2982 3423 3170 3487 tribus

514 3527 719 3593 formis
769 3530 1024 3612 pingunt
1065 3527 1257 3591 Latini
1305 3528 1711 3602 vetustissimi,
1761 3526 1862 3610 qui
1913 3548 1948 3591 a
1985 3525 2237 3591 Graecis
2283 3533 2663 3609 acceperunt,
2701 3524 2867 3610 iique
2904 3546 2940 3591 a
2977 3525 3170 3592 Phoe·

516 3633 708 3709 niciis,
754 3630 915 3716 apud
964 3651 1116 3714 quos
1162 3631 1221 3694 in
1253 3631 1438 3712 Regis
1469 3630 1677 3695 Mesae
1712 3630 1862 3694 stela
1896 3630 2184 3712 virgulam
2219 3629 2405 3693 babet
2434 3628 2768 3694 subiectam
2811 3631 2912 3708 Υ.
2962 3635 3049 3700 Ὗ.
3088 3637 3166 3702 Υ,

510 3753 688 3818 quam
737 3732 1145 3817 antiquissimi
1192 3732 1447 3796 Theraei
1497 3740 1555 3796 et
1602 3734 1777 3796 lones
1823 3735 2217 3808 retinuerunt,
2263 3740 2325 3795 at
2366 3734 2560 3797 Dores
2616 3739 2676 3796 et
2731 3731 3168 3796 Chalcidenses

507 3838 869 3902 reciderunt.
933 3833 1251 3917 Effingitur
1304 3843 1503 3900 autem
1564 3854 1600 3898 a
1660 3835 1885 3899 Latinis
1947 3838 2026 3899 ita
2086 3843 2150 3899 ut
2207 3837 2400 3899 altera
2459 3843 2596 3900 utra
2651 3835 2812 3898 linea
2870 3834 3173 3919 obliquior

512 3943 619 4014 sit,
668 3959 786 4023 quo
833 3939 1009 4004 etiam
1058 3939 1234 4002 modo
1282 3940 1301 3999 l
1346 3945 1804 4023 repraesentare
1851 3938 2047 4003 solent
2097 3947 2191 4014 v.
2241 3946 2320 4008 v:
2368 3957 2556 4023 quare
2604 3939 2798 4001 minus
2844 3935 3024 4022 periti
3061 3936 3172 4001 ali-

509 4043 751 4126 quando
798 4041 1007 4123 legunt
1053 4042 1072 4101 l
1118 4059 1225 4125 pro
1269 4061 1304 4102 v
1348 4048 1409 4104 et
1451 4049 1691 4105 contra:
1739 4042 1797 4104 in
1845 4061 1965 4124 quo
2011 4040 2243 4124 antiqui
2288 4040 2624 4125 sculptores
2654 4039 2830 4103 etiam
2865 4041 3167 4105 interdum

509 4150 787 4210 errarunt
832 4145 934 4229 qui
982 4145 1055 4207 ad
1103 4164 1309 4228 parem
1356 4143 1738 4209 altitudinem
1784 4147 2203 4224 assurgentem
2250 4142 2469 4208 lineam
2515 4150 2834 4227 utramque
2864 4143 3168 4208 fecerunt:

514 4248 655 4312 inde
702 4249 761 4311 in
813 4247 1069 4311 nummis
1118 4245 1480 4312 Posidoniae
1525 4247 1780 4329 legimus
1827 4253 2125 4320 ΛνΙΞΛΊ,
2170 4265 2384 4331 nempe
2429 4247 2645 4322 Σεῖλα,
2692 4247 2751 4309 in
2797 4245 2949 4311 cista
2991 4264 3167 4331 prae·

420 4395 425 4402 »
517 4349 760 4415 nestina
793 4352 1164 4426 aevvm,
1214 4354 1516 4422 Muses.

2009 4412 2031 4435 x

680 4459 744 4525 Ζ.
771 4450 969 4517 Huius
993 4449 1233 4517 litterae
1258 4452 1745 4538 antiquissimum
1770 4453 2108 4539 exemplum
2136 4455 2377 4519 omnino
2396 4453 2623 4518 nullum
2641 4450 3165 4517 dantRitschelius

516 4567 576 4623 et
617 4557 1043 4621 Mommsenius
1088 4555 1148 4618 in
1194 4576 1446 4641 corpore
1491 4555 1948 4642 inscriptionum
1997 4556 2315 4623 latinarum
2361 4556 2939 4641 antiquissimarum.
3010 4555 3162 4619 Pro-

509 4668 720 4748 pterea
751 4660 914 4745 quod
947 4659 1325 4725 Cozanorum
1356 4677 1666 4725 nummum
1696 4658 2130 4734 Mommsenius
2157 4679 2364 4726 errore
2385 4664 2558 4746 putat
2584 4657 2781 4724 fabrili
2808 4656 3162 4741 inscriptum
