3440 5114
1375 577 1676 684 PARS
1749 578 1815 682 l.

984 832 1184 898 QUAE
1244 832 1383 885 EST
1449 830 2186 886 PALAEOGRAPntcA.

1456 1312 1624 1385 GAP.
1686 1312 1736 1385 Ι.

1170 1508 1240 1552 ne
1274 1504 1485 1559 origine
1521 1504 1795 1560 alphabeti
1831 1506 2007 1554 latini.
2108 1566 2117 1572 ι

338 1688 591 1754 Priscos
626 1689 764 1753 olim
801 1689 1016 1754 latinos
1061 1692 1360 1755 elementa
1403 1689 1702 1753 scribendi
1743 1707 1780 1753 a
1816 1689 2065 1753 Graecis
2101 1690 2408 1774 accepisse
2446 1696 2504 1752 et
2538 1688 2746 1773 plures
2786 1694 2911 1753 tra-

250 1791 578 1871 diderunt,
615 1799 677 1856 et
709 1811 774 1856 re
809 1792 943 1877 ipsa
976 1792 1418 1858 manifestatur.
1462 1794 1539 1857 At
1574 1812 1699 1876 qua
1736 1793 1796 1856 id
1832 1800 2025 1857 aetate
2073 1793 2330 1877 primum
2369 1792 2620 1856 fecerint
2664 1790 2918 1858 arbitror

250 1894 464 1960 adhuc
510 1895 749 1981 quaeri3
797 1903 995 1961 tamen
1030 1904 1091 1961 ut
1121 1904 1347 1961 certum
1385 1901 1442 1959 et
1478 1894 1855 1980 exploratum
1897 1903 2189 1971 tenemuS,
2220 1896 2278 1958 id
2316 1902 2452 1979 post
2487 1894 2911 1981 olympiadum

238 2006 539 2087 ‘exortum
574 2001 917 2065 necessario
949 2000 1271 2079 accidisse3
1318 2018 1427 2062 nec
1459 1998 1615 2062 enim
1650 2006 1827 2063 antea
1860 1998 1918 2062 in
1955 1999 2128 2062 ltalia.
2161 1997 2381 2063 Graeci
2418 1998 2621 2062 sedem
2654 1998 2913 2063 colloca-

252 2111 509 2177 verunt,
558 2109 664 2167 aut
707 2103 898 2168 Latini
934 2122 1200 2186 unquam
1232 2103 1290 2167 in
1324 2101 1641 2166 Graeciam
1676 2103 2120 2183 navigaverunt
2153 2107 2215 2164 ut
2248 2119 2525 2183 graecam
2560 2100 2914 2186 scripturam

254 2205 321 2269 in
370 2205 601 2270 ltaliam
651 2207 1059 2291 importarent.

344 2308 581 2372 Deinde
626 2310 834 2393 quaeri
883 2309 1064 2385 solet,
1114 2328 1182 2373 ex
1232 2329 1354 2393 qua
1396 2308 1774 2393 potissimum
1823 2308 2095 2373 Helladis
2143 2315 2318 2391 gente
2364 2306 2555 2371 Latini
2603 2305 2917 2372 hauserint

262 2410 529 2475 litteras:
578 2428 777 2493 neque
822 2410 1072 2476 dubium
1120 2430 1252 2474 esse
1300 2419 1509 2495 potest,
1545 2412 1689 2496 quin
1725 2410 1800 2474 ab
1832 2410 2332 2475 Chalcidensibus
2364 2409 2776 2488 conterminiS,
2810 2410 2913 2495 qui

266 2510 489 2578 Cumas
534 2514 592 2577 in
640 2514 973 2598 Campania
1026 2513 1440 2579 condiderunt.
1500 2515 1770 2600 Namque
1824 2534 1960 2579 cum
2009 2514 2189 2578 totius
2241 2531 2496 2596 graecae
2541 2513 2913 2580 litteraturae

270 2615 466 2681 fontes
512 2616 613 2681 illa
657 2625 915 2702 quatuor
960 2616 1279 2702 alphabeta
1324 2620 1459 2693 sint,
1505 2617 1735 2682 Dorum
1781 2618 2012 2682 scilicet
2048 2625 2108 2681 et
2137 2614 2544 2698 Aeolensium,
2580 2616 2913 2682 Atticorum

263 2727 324 2784 et
368 2720 611 2796 Ionum,
658 2741 732 2784 ex
776 2718 998 2805 quibus
1054 2722 1390 2785 emanarint
1435 2720 1760 2805 alphabeta.
1803 2719 2212 2794 Achaeorum,
2247 2719 2640 2795 Boeotorum,
2676 2718 2915 2785 Chalci-

262 2822 542 2887 densium
589 2830 1080 2909 ceterorumque,
1128 2822 1208 2888 illi
1248 2813 1519 2908 profecto
1555 2824 1782 2889 litteras
1818 2824 2032 2907 priscis
2064 2824 2292 2887 Latinis
2324 2822 2641 2886 tradidisse
2670 2822 2909 2889 dicendi

254 2931 426 2999 sunt,
460 2944 713 3010 quorum
749 2928 952 3011 reipsa
984 2925 1403 3011 alphabeticae
1441 2925 1669 2990 formae
1705 2927 1900 3008 magis
1938 2928 2013 2990 ad
2051 2927 2528 3012 antiquissimam
2566 2925 2906 2991 Latinorum

254 3024 623 3112 scripturam
654 3029 969 3093 accedunt.
996 3029 1150 3092 Sunt
1178 3048 1321 3092 vero
1355 3025 1603 3093 Cumani
1630 3027 2095 3107 Chalcidenses;
2121 3030 2306 3112 idque
2334 3034 2567 3093 constat
2597 3047 2672 3092 ex
2700 3047 2907 3093 eorum

252 3131 516 3193 nummis
548 3139 607 3194 et
636 3130 843 3208 titulis,
879 3139 1000 3195 tum
1033 3150 1103 3194 ex
1138 3130 1458 3215 alphabeto
1491 3130 1653 3215 quod
1692 3149 2022 3215 campanae
2058 3138 2115 3194 et
2147 3129 2376 3195 siculae
2415 3130 2906 3195 Chalcidensium

253 3233 533 3297 coloniae
579 3234 998 3298 adhibuerunt.
1045 3232 1170 3298 Hos
1216 3231 1402 3318 igitur
1444 3241 1610 3300 recte
1654 3232 1932 3298 dicemus
1980 3231 2198 3317 priscis
2230 3233 2383 3297 Latii
2417 3233 2654 3318 populis
2698 3232 2908 3317 alpha·

248 3333 463 3400 betum
509 3337 800 3401 intulisse.

342 3438 538 3506 Cuma
592 3442 831 3505 colonia
874 3440 1360 3506 Chalcidensium
1416 3441 1836 3527 antiquissima
1881 3441 2026 3518 fuit,
2085 3436 2259 3504 cuius
2313 3439 2574 3522 origines
2628 3439 2906 3525 quamvis

252 3541 573 3606 fabulosae
610 3551 912 3629 pute-ntur,
943 3564 1140 3627 eaque
1173 3545 1247 3608 de
1286 3564 1476 3609 causa
1504 3545 1876 3618 reiiciantur,
1911 3545 1986 3608 de
2018 3544 2165 3608 urbe
2201 3553 2396 3608 tamen
2445 3549 2705 3617 constat,
2743 3545 2916 3629 quod·

254 3645 432 3709 nohis
478 3646 717 3711 abunde
755 3648 895 3711 facit
929 3649 1095 3717 satis,
1134 3667 1264 3711 eam
1297 3648 1413 3713 iam
1446 3649 1748 3712 conditam
1781 3655 1918 3712 ante
1953 3647 2370 3733 Olympiadem
2401 3646 2573 3725 xm,
2606 3666 2727 3730 quo
2761 3652 2907 3711 tem-

248 3767 403 3832 pore
426 3748 657 3828 ,urbem
706 3750 957 3813 traditur
1000 3749 1256 3814 Zanclen
1300 3750 1360 3813 in
1408 3748 1614 3814 Sicilia
1657 3748 1957 3814 coloniam
2001 3750 2290 3816 fundasse
2339 3748 2623 3834 (Thucid.
2667 3747 2762 3823 Vl,
2813 3749 2901 3832 4).

248 3850 564 3917 Cumanae
608 3853 1032 3939 inscriptiones
1080 3860 1221 3917 sunt
1264 3855 1456 3938 primo
1504 3873 1664 3938 quae
1700 3854 1992 3938 ‘leguntur
2035 3854 2095 3917 in
2143 3855 2436 3928 nummis,
2483 3851 2698 3917 deinde
2744 3872 2904 3937 quae

251 3954 400 4021 olim
441 3961 743 4041 repertae,
793 3963 914 4022 tum
950 3955 1014 4019 in
1054 3974 1243 4036 aeneo
1281 3976 1424 4021 vase
1458 3958 1797 4043 insculptae
1836 3956 2045 4042 (Corp.
2079 3957 2265 4021 inser.
2297 3976 2387 4039 gr.
2423 3957 2478 4033 l,
2510 3977 2568 4041 p.
2604 3954 2740 4039 48),
2777 3962 2900 4022 tum

246 4059 311 4122 in
347 4057 590 4144 lecytho
626 4067 903 4125 cretaceo
937 4056 1191 4144 graphio
1225 4066 1467 4125 notatae
1506 4060 1691 4143 (Bull.
1725 4059 1887 4127 arch.
1922 4079 2097 4144 neap.
2131 4059 2192 4136 Ι,
2229 4058 2371 4141 20),
2405 4065 2468 4122 et
2497 4059 2574 4122 ab
2605 4057 2903 4124 Avellinio

244 4162 451 4226 editae
489 4161 670 4245 (Bull.
706 4161 875 4228 arch.
911 4182 1082 4246 neap.
1116 4160 1223 4240 Vl,
1260 4169 1375 4228 lav.
1409 4163 1659 4246 d‘agg.).
1690 4163 1800 4227 His
1834 4169 2225 4229 accesserunt
2262 4163 2473 4248 nuperi
2505 4162 2622 4227 duo
2653 4161 2807 4226 tituli
2838 4163 2898 4226 in

242 4265 420 4331 stelis
457 4287 531 4331 ex
570 4265 771 4351 topho,
808 4285 959 4351 quos
991 4267 1256 4366 vulgavit
1299 4266 1695 4331 Minervinius
1747 4267 1892 4351 (tab.
1927 4264 2036 4350 V),
2084 4285 2346 4352 cumque
2371 4264 2484 4330 his
2530 4265 2898 4330 imminutam

245 4367 621 4455 epigraphen
670 4368 924 4456 graphio
973 4377 1236 4435 notatam
1283 4369 1340 4434 in
1388 4390 1529 4434 vase
1574 4378 1870 4435 cretaceo.
1917 4369 2423 4455 Inscriptionibus
2470 4365 2737 4434 cumanis
2783 4370 2898 4433 ad-

242 4473 472 4538 dantur
516 4480 750 4559 oportet
796 4492 953 4559 quae
991 4474 1049 4538 in
1083 4473 1340 4539 nummis
1378 4472 1752 4538 coloniarum
1789 4471 2276 4539 Chalcidensium
2311 4473 2369 4535 in
2399 4472 2570 4537 ltalia
2601 4476 2659 4536 et
2689 4468 2900 4535 Sicilia

241 4576 575 4642 habentur:
600 4576 715 4642 hae
743 4596 883 4643 vero
913 4583 1054 4643 sunt
1073 4576 1377 4664 NeapoliS,
1403 4577 1672 4661 Regium,
1696 4575 1926 4653 Zancle,
1948 4576 2243 4655 Messana,
2264 4575 2541 4651 Naxium,
2566 4573 2896 4650 Leontium,

2811 4713 2833 4761 1
