3440 5114
2898 240 2989 303 361

582 370 2483 451 DEStNtTE·t.v<Tv·QvESTV·LACRVMAS·FVNDERE

507 462 510 467 '
579 474 2513 542 εει-ιΝ·νιτΑ·ιν(νΝοΑ-νοΒεις·νοι.νΡτΑτει·Ρνει

479 573 532 609 ¹⁵
583 577 2473 658 νικο-Ατρνε-ΑΛΛειεεις-Νοτειςρνε-οΛΛΝιΒνς

584 679 2687 761 ΝνΝε-ρνοΝιΑΛΛ-ΡΑτνΛΛ·ςε-ιτΑ·τοι.ιτ.ΑΝιΛΛο·νο

577 783 2325 863 Afiovo-vosrfinueconconofist5·vuveae

581 885 2603 967 ρνΑς-οε·κες-Ηο<·ΛΛοΝνΛΛεΝτνΛΛ·ΑεοιΡιεΑνιτ

579 987 2657 1070 ςνΑε·ῦΝΑτΑε·ςιΒειρνε·νχοκι·ΗΑΝ<·<οΝετιτνιτ

477 1086 526 1119 ³⁰
577 1090 2702 1160 ΑετεηΝΑΛΛ·νΒει-οΛΛΝες-ΡΑκιτεκ·ΑενοΛΛ·οε<;εκε

447 1241 770 1325 Supplevit
811 1239 1114 1326 Hauptius
1161 1241 1462 1306 adnotans
1511 1241 1813 1325 quaedam
1882 1260 2016 1304 esse
2079 1261 2114 1304 a
2171 1237 2565 1323 quadratario
2626 1239 2864 1304 turbata
2918 1247 3023 1304 aut

362 1345 585 1408 omissa
629 1351 735 1408 aut
780 1350 998 1408 errata.
1025 1381 1108 1391 —
1140 1344 1205 1406 V.
1253 1348 1291 1407 2
1338 1341 1482 1426 legit
1531 1343 1709 1408 Prote
1756 1349 1823 1407 ut
1869 1344 1947 1406 sit
1994 1361 2208 1406 nomen
2256 1362 2481 1427 graeca
2519 1342 2712 1406 forma
2748 1339 3035 1428 mulieris¹

361 1446 699 1512 defunctae.
740 1443 805 1508 V.
845 1452 880 1509 3
919 1447 1161 1531 supplet
1198 1446 1476 1511 crudeles
1517 1447 1845 1531 (parcae):
1886 1444 2102 1511 melius
2136 1451 2280 1528 puto
2315 1445 2592 1509 infestae.
2634 1445 2702 1508 V.
2741 1450 2777 1509 6
2818 1452 3021 1509 monet

362 1551 727 1634 sculptorem
776 1549 934 1614 male
972 1547 1301 1623 traiecisse,
1349 1556 1609 1634 pareret,
1659 1548 2009 1634 debereque
2044 1549 2164 1631 legi
2201 1555 2457 1631 patrono
2489 1555 2749 1631 pareret.
2781 1546 2907 1631 Ego
2941 1551 3019 1612 ⁴4

364 1653 616 1718 duorum
665 1673 945 1717 versuum
994 1671 1337 1716 mensuram
1387 1660 1738 1737 peccantem
1787 1652 2045 1716 emendo
2092 1651 2209 1715 sic:

740 1789 842 1854 Sei
889 1788 950 1852 in
998 1790 1121 1853 vita
1159 1790 1422 1853 iucunda
1469 1797 1527 1851 et
1575 1790 1907 1873 voluptatei
1960 1790 2098 1853 fuei.

743 1890 884 1956 Viro
923 1900 1105 1977 atque
1151 1894 1435 1956 ameiceis
1482 1898 1664 1975 atque
1711 1893 1907 1958 noteis
1954 1892 2252 1957 omnibus.

447 2032 594 2096 ltem
639 2052 694 2096 v.
745 2037 818 2094 49
868 2030 1010 2095 mihi
1059 2031 1296 2094 videtur
1344 2049 1553 2094 versus
1601 2029 1687 2094 sic
1735 2031 2179 2096 restituendus:

737 2167 976 2231 Gnatae
1023 2167 1169 2230 sibei
1220 2174 1402 2249 atque
1450 2169 1619 2230 uxori
1670 2166 1827 2230 hanc
1876 2168 2190 2271 constituit
2235 2167 2495 2232 domum.
2578 2200 2581 2207 ν

443 2303 819 2368 Schraderus
866 2310 1030 2367 recte
1082 2312 1202 2367 tres
1252 2304 1488 2368 ultimos
1535 2322 1748 2367 versus
1779 2303 1941 2368 locat
1972 2311 2108 2387 post
2141 2322 2378 2367 versum
2411 2303 2795 2366 undecimum
2834 2302 3015 2387 (apud

356 2405 681 2471 Burmann.
721 2406 955 2470 Anthol.
1004 2408 1176 2471 Auct.
1226 2406 1353 2470 Lat.
1402 2406 1490 2481 11,
1545 2427 1596 2469 n.
1646 2406 1852 2487 Lxx).
1903 2405 2145 2484 Quibus
2193 2402 2601 2490 praemonitis
2652 2412 2838 2469 totum
2885 2406 3014 2490 epi·-

358 2529 631 2592 gramma
677 2508 767 2575 sic
812 2511 937 2575 fere
987 2510 1310 2593 legendum
1359 2512 1502 2574 erit:

742 2647 891 2712 Heic
936 2655 1028 2711 est
1072 2648 1310 2733 sepulta
1357 2646 1609 2725 Quincti
1656 2648 1850 2712 Ranci
1901 2648 2023 2712 filia

733 2749 983 2827 Quincti
1030 2750 1266 2822 liberti,
1319 2750 1530 2824 Prote,
1580 2749 1725 2834 quoi
1777 2749 1958 2814 fatum
2009 2770 2193 2832 grave

735 2853 997 2917 Infestae
1047 2873 1269 2938 parcae
1317 2873 1388 2919 ac
1437 2852 1611 2916 finem
1658 2852 1821 2917 vitae
1867 2861 2213 2918 statuerunt

735 2954 844 3019 Vix
892 2975 1072 3040 quom
1120 2962 1283 3020 esset
1328 2956 1418 3019 bis
1458 2956 1664 3019 decem
1712 2956 1925 3019 anneis
1973 2964 2144 3033 nata,
2192 2954 2551 3037 indigniterl

735 3060 883 3124 Nam
933 3060 1093 3143 quod
1140 3060 1418 3141 concepit
1462 3059 1756 3123 leiberum
1805 3078 2006 3122 semen
2058 3059 2302 3143 duplex,

738 3160 935 3239 Quom
983 3161 1101 3225 iam
1151 3168 1389 3244 pareret
1433 3169 1684 3243 patrono
1735 3160 2022 3226 auxilium
2070 3169 2129 3225 et
2174 3163 2359 3227 decus

735 3263 1025 3329 Futurum
1073 3267 1150 3329 ad
1196 3273 1412 3330 cuncta
1458 3266 1777 3330 commoda
1823 3272 2006 3351 atque
2053 3266 2458 3340 incommoda,

738 3366 986 3432 Immitis
1035 3388 1194 3432 mors
1239 3366 1463 3451 eripuit
1507 3368 1670 3432 sucis
1719 3368 2089 3451 parentibus,

736 3469 905 3534 Nunc
950 3470 1033 3534 illi
1081 3491 1312 3536 summo
1362 3473 1418 3534 in
1469 3473 1634 3536 luctu
1682 3492 1753 3537 ac
1798 3470 2203 3538 sollicitudine

736 3572 888 3638 Prae
933 3574 1237 3639 desiderio
1283 3582 1505 3657 gnatae
1545 3573 1723 3640 fletus
1770 3574 1833 3638 in
1881 3575 2012 3640 dies

734 3675 936 3740 Edunt
979 3677 1136 3740 sibei
1187 3697 1319 3744 esse
1367 3680 1545 3741 talem
1597 3686 1869 3762 ereptam
1916 3679 2164 3744 seiliam.

729 3778 899 3856 Quas
947 3780 1023 3843 ob
1068 3800 1162 3844 res
1210 3781 1322 3844 hoc
1370 3791 1818 3846 monumentum
1867 3781 2210 3847 aedificavit
2258 3790 2428 3865 pater

732 3881 968 3947 Gnatae
1014 3883 1165 3947 sibei
1214 3891 1395 3968 atque
1445 3883 1615 3948 uxori
1665 3885 1821 3948 hanc
1867 3885 2179 3950 constituit
2224 3884 2465 3949 domum

732 3985 1082 4056 Aeternam,
1130 3985 1270 4050 ubei
1320 4006 1530 4051 omnes
1577 3989 1807 4070 pariter
1854 4008 2065 4053 aevom
2114 3990 2426 4072 degerent.

739 4089 912 4151 Pater
959 4090 1069 4152 mei
1120 4097 1178 4152 et
1225 4091 1495 4172 genetrix
1546 4085 1835 4173 germana
1882 4111 1986 4155 oro
2034 4099 2216 4175 atque
2262 4093 2516 4156 obsecro

733 4190 1000 4255 Desinite
1048 4193 1214 4256 luctu
1261 4200 1481 4277 questu
1531 4195 1814 4258 lacrimas
1862 4194 2133 4267 fundere,

728 4293 829 4358 Sei
881 4296 939 4356 in
989 4295 1111 4358 vita
1158 4295 1424 4361 iucunda
1470 4303 1531 4361 et
1578 4297 1907 4381 voluptatei
1956 4296 2080 4362 fuel

733 4393 872 4460 Viro
920 4404 1098 4482 atque
1145 4396 1427 4464 ameiceis
1475 4406 1658 4483 atque
1707 4398 1868 4465 notis
1917 4401 2214 4466 omnibus,

733 4498 934 4577 Nunc,
983 4503 1269 4585 quoniam
1321 4502 1506 4568 satum
1556 4524 1621 4566 se
1670 4505 1751 4567 ita
1798 4502 1959 4580 tolit,
2014 4502 2215 4569 animo
2261 4503 2397 4568 volo

732 4609 942 4687 Aequo
989 4622 1094 4667 vos
1141 4605 1297 4669 ferre
1345 4606 1801 4691 concordesque
1849 4608 2072 4674 vivere.
