3440 5114
505 293 605 351 648

440 414 684 498 Pompei
728 412 931 509 Magni
980 414 1235 477 annulus
1293 412 1410 476 tria
1461 412 1752 495 trophaea
1807 413 2108 498 insculpta
2155 415 2384 492 ferens,
2433 414 2568 479 eius
2614 422 2876 499 quatuor
2917 433 3185 478 coronae

528 500 583 561 in
632 517 892 562 nummis
938 517 1263 581 expressae
1312 500 1433 559 335

442 584 778 669 ponderum
825 584 997 664 signa
1042 601 1199 666 quae
1246 603 1302 666 p.
1353 585 1448 655 43,
1499 585 1576 643 44
1622 584 1747 644 vide
1793 584 2034 644 indicem
2075 587 2388 665 ponderum

439 674 654 751 pontes
697 665 983 743 miliarias
1032 665 1479 751 tabelariosque
1524 667 1580 729 in
1612 667 1710 730 via
1790 687 1993 740 onere,
2028 676 2119 730 est
2145 667 2377 753 lapides
2412 667 2696 731 miliarios
2729 675 2786 731 ct
2822 666 3183 730 tabellarios

523 751 780 816 basibus
826 750 998 836 quasi
1044 752 1324 834 pontibus
1370 752 1690 817 instructos
1761 772 1934 815 acere
1983 757 2104 815 904

440 837 702 919 populus
747 837 1033 918 plebesve
1079 836 1276 917 legem
1322 835 1491 900 iubet
1538 840 1720 911 1060,
1767 854 1833 904 78
1880 837 2084 921 populi
2136 838 2337 900 iussus
2391 841 2547 899 1490

439 921 690 985 Porciae
730 920 902 1002 leges
948 927 1066 983 tres
1111 922 1188 985 de
1232 919 1663 1004 provocatione
1710 921 1784 985 ad
1834 922 2124 1005 populum
2173 927 2296 984 914
2344 924 2417 985 cs.
2465 925 2585 985 937

484 1007 705 1069 ortoria
751 1006 1065 1069 terrestria
1110 1007 1760 1089 111311111113111154004,
1799 1024 1849 1075 2.
1888 1023 1945 1073 31
2000 1007 2264 1089 portoria
2309 1025 2532 1090 capere
2582 1009 2776 1076 1004,
2814 1022 2845 1070 2
2890 1020 2948 1070 31
3000 1020 3066 1070 33
3108 1022 3178 1071 35

493 1089 735 1153 ostumii
784 1089 916 1152 Albi
962 1090 1185 1153 astutia
1229 1095 1348 1153 340

440 1174 750 1321 Postugiia
793 1176 1197 1319 viaoanterior
1240 1194 1290 1237 a.
1338 1175 1461 1237 837
1507 1181 1816 1239 auctorem
1863 1172 2080 1237 habuit
2125 1174 2405 1258 Spurium
2458 1175 2825 1238 Postumium
2865 1176 3179 1237 consulem

526 1276 579 1319 a.
670 1263 771 1334 oa,
818 1264 895 1321 89

439 1340 829 1424 praeconium
876 1342 1372 1422 dissignationem
1419 1339 1719 1403 libitinam
1770 1340 1966 1407 facere
2018 1347 2202 1413 4060,
2248 1359 2316 1409 94
2366 1353 2460 1402 104

443 1444 776 1510 praecones
822 1425 1148 1508 quaestorii
1197 1430 1348 1499 988,
1404 1443 1450 1497 1,
1502 1442 1591 1497 14,
1648 1444 1706 1492 15

441 1510 671 1594 praeda
716 1509 989 1574 militaris
1037 1516 1175 1584 570,
1211 1515 1352 1584 574,
1387 1527 1492 1573 aes
1540 1511 1818 1575 martium
1868 1513 2010 1589 829,
2042 1511 2306 1596 praedae
2355 1510 2645 1576 decimam
2680 1512 3031 1595 praecipere
3065 1531 3178 1596 pro

528 1613 711 1659 usura
754 1600 876 1660 899
2875 1620 2884 1628 ’

441 1680 907 1763 praefericulum
957 1679 1109 1743 male
1157 1700 1264 1765 pro
1354 1687 1480 1745 utto
1528 1689 1860 1765 usurpatur
1908 1682 2023 1743 476

440 1763 731 1847 praefecti
774 1764 1148 1850 quatuorviri
1193 1768 1251 1828 in
1351 1766 1693 1850 ampaniam
1742 1764 1909 1829 missi
1957 1771 2327 1829 1199-1194
2374 1767 2497 1827 vide
2538 1768 2671 1827 add.

440 1867 806 1931 praenomen
855 1855 1166 1934 paternum
1214 1851 1440 1913 nomini
1485 1851 1588 1914 filii
1679 1849 2050 1934 raepositum
2090 1856 2213 1913 845
2252 1870 2410 1935 quae
2443 1870 2583 1914 vere
2615 1850 3006 1933 praenomina
3037 1856 3179 1912 sunt

525 1934 852 2018 aliquando
898 1932 1122 1998 omissa
1166 1935 1224 1996 in
1276 1932 1537 1997 nummis
1584 1952 1620 1997 a
1664 1935 1788 1997 dito
1836 1941 2033 1999 tamen
2083 1936 2444 2018 cognomine
2487 1939 2629 2009 999,
2679 1935 2737 1996 111
2786 1934 2919 1997 aliis
2973 1953 3181 1996 monu-

524 2020 745 2081 mentis
794 2021 943 2094 538,
992 2022 1112 2081 544

441 2108 687 2185 praetor
730 2100 1086 2186 peregrinus
1133 2108 1286 2179 944,
1329 2124 1350 2170 1
1402 2112 1502 2167 cet.
1551 2111 1794 2187 praetor
1838 2099 1939 2189 qui
1986 2104 2141 2169 inter
2187 2105 2543 2189 peregrinos
2591 2105 2684 2167 ius
2728 2103 2874 2166 dicit
2917 2107 3064 2178 914,
3111 2118 3182 2171 89

527 2190 708 2262 1059,
753 2206 802 2264 1,
848 2201 910 2251 24
955 2203 1021 2255 34
1070 2191 1251 2264 4060,
1286 2203 1321 2254 9
1369 2207 1425 2255 11
1474 2198 1720 2273 praetor
1766 2190 2117 2274 repetundis
2166 2196 2320 2263 914,
2366 2204 2431 2255 35
2478 2199 2579 2252 cet.

438 2278 682 2353 praetor
723 2271 1090 2356 proconsule
1138 2291 1212 2335 ex
1257 2282 1543 2357 praetura
1588 2275 1912 2358 proconsul
1963 2279 2124 2338 4497

439 2362 752 2439 praetores
805 2354 1063 2420 Faleriis
1120 2360 1506 2440 magistratus
1562 2379 1832 2423 summus
1879 2363 2027 2435 559,
2077 2363 2197 2423 808
2245 2358 2439 2422 Corae
2499 2362 2619 2423 899
2669 2366 2910 2442 praetor
2953 2356 3010 2419 in
3056 2357 3166 2419 col.

521 2439 740 2589 gerlicv.
789 2441 925 2587 8872
957 2440 1148 2505 Iuliae
1198 2462 1393 2510 novae
1437 2446 1602 2506 9418
1652 2448 1803 2506 4611
1863 2453 2107 2529 praetor
2151 2444 2366 2507 duovir
2406 2444 2686 2507 Telesiae
2737 2446 2900 2505 4608
2936 2450 3179 2525 praetor

574 2543 838 2590 ocarum
931 2530 1042 2588 991
1701 2542 1704 2546 ’

438 2609 840 2676 Prometheus
886 2629 1135 2675 uxorem
1179 2613 1381 2677 Asiam
1427 2615 1746 2698 complexu
1793 2614 1997 2679 fovens
2046 2618 2165 2677 539

436 2713 770 2779 properare
817 2693 890 2757 ad
938 2714 1090 2759 onus
1138 2716 1248 2762 seu
1295 2697 1371 2760 ad
1417 2697 1759 2762 onerariam
1809 2718 2019 2762 navem
2068 2699 2404 2762 faciendam
2453 2699 2619 2760 9139

436 2798 690 2864 propom
734 2782 796 2842 in
844 2783 1098 2842 nummis
1144 2782 1603 2857 beneventaniS,
1649 2782 1906 2867 probum
1959 2783 2209 2867 probum
2256 2783 2508 2866 prboum
2556 2783 2613 2844 in
2661 2779 2966 2844 suessanis
3012 2784 3091 2842 64

434 2865 756 2950 propylum
819 2863 1024 2947 templi
1070 2865 1232 2931 lovis
1276 2865 1605 2950 Capitolini
1671 2868 1842 2952 Sylla
1889 2868 2149 2932 restituit
2206 2867 2502 2930 columnis
2558 2866 2826 2929 advectis
2873 2885 2905 2928 e
2954 2867 3171 2948 templo

520 2947 679 3013 lovis
725 2947 994 3033 Olympii
1040 2949 1229 3013 dorici
1275 2952 1521 3022 ordinis,
1571 2953 1794 3016 moduli
1841 2951 2119 3015 corinthii
2166 2955 2287 3013 999
2334 2951 2649 3036 propylum
2683 2949 2920 3014 Cereris
2945 2957 3005 3014 et
3038 2951 3174 3013 Pro-

520 3035 801 3117 serpinae
848 3032 1098 3096 Athenis
1151 3039 1313 3099 1069

436 3126 795 3204 punctorum
841 3117 936 3180 vel
977 3116 1277 3184 linearum
1311 3122 1387 3184 ad
1418 3120 1742 3185 lectionem
1777 3121 2097 3186 iuvandam
2127 3119 2507 3184 inventorum
2541 3119 2766 3183 formae
2799 3136 2852 3199 p.
2891 3125 2985 3194 15,
3015 3121 3166 3180 4664

522 3210 750 3288 puncta
793 3201 1120 3286 aliquando
1165 3202 1230 3267 in
1276 3222 1533 3289 corpore
1576 3205 1813 3269 litterae
1864 3208 2058 3289 posita
2088 3204 2445 3289 separandis
2478 3204 2646 3284 siglis
2693 3202 2965 3267 adhibita
3001 3223 3057 3285 p.
3099 3205 3171 3262 45

436 3294 720 3373 punctum
764 3285 1078 3352 vocalibus
1123 3289 1469 3374 impositum
1515 3310 1629 3375 per
1674 3288 2113 3373 diphthongum
2148 3295 2252 3352 aut
2281 3286 2752 3371 geminationem
2785 3294 2966 3351 antea
2994 3286 3172 3349 scribi

519 3372 711 3437 solitis
756 3389 814 3454 p.
863 3377 928 3435 31
986 3380 1213 3457 puncta
1256 3373 1784 3457 interstinguentia
1830 3376 1887 3437 in
1935 3375 2052 3437 sine
2102 3393 2331 3448 versuS‚
2378 3373 2493 3435 nisi
2545 3374 2602 3435 in
2638 3370 2831 3453 sigliS‚
2866 3379 3062 3436 aetate
3093 3369 3172 3433 rei

520 3478 578 3542 p.
625 3476 743 3520 non
790 3454 967 3519 facile
1014 3457 1279 3542 appositi
1328 3481 1387 3545 p.
1440 3464 1514 3522 43

436 3549 725 3627 punctum
771 3541 832 3604 in
880 3539 1117 3606 litterae
1164 3550 1419 3629 corpo're
1465 3564 1523 3628 p.
1572 3549 1647 3605 15
1694 3563 1753 3606 n.
1801 3546 1879 3605 66
1925 3565 2000 3618 ee,
2049 3552 2188 3610 ante
2233 3549 2290 3605 et
2335 3549 2470 3628 post
2515 3540 2776 3604 litteram
2810 3540 3170 3623 singularem

521 3630 671 3701 507,
718 3629 914 3700 9339,
966 3645 1271 3711 nunquam
1336 3635 1576 3711 praeter
1643 3635 1989 3692 contextum
2052 3636 2189 3711 post
2233 3629 2490 3691 litteram
2549 3625 2919 3708 singularem
2965 3625 3164 3707 expri-

523 3718 784 3775 mentem
833 3728 1046 3775 nomen
1097 3713 1266 3777 urbis
1312 3717 1394 3776 75
1441 3715 1472 3775 b

436 3819 469 3878 q
514 3816 551 3859 a
592 3793 773 3860 Doris
818 3801 878 3858 et
921 3793 1442 3875 Chalcidensibus
1490 3794 1621 3860 eius
1670 3796 1898 3860 formae
1943 3799 2298 3860 vetustiores
2345 3804 2405 3858 et
2446 3796 2899 3859 vetustissimae
2944 3811 2999 3874 p.
3051 3797 3085 3852 5

435 3904 470 3963 q
519 3881 661 3965 poni
708 3881 912 3964 coepit
954 3898 1063 3963 pro
1108 3904 1138 3943 c
1184 3890 1323 3946 ante
1367 3884 1408 3958 i,
1454 3903 1505 3957 0,
1552 3903 1591 3943 u
1633 3881 1877 3945 saeculo
1925 3881 2156 3965 quinto,
2197 3888 2302 3946 aut
2332 3888 2519 3952 sexto,
2554 3900 2664 3959 quo
2690 3897 2803 3964 pro
2834 3899 2897 3939 co
2928 3876 3172 3941 saeculo

520 3973 717 4040 sexto,
764 3985 839 4045 qu
884 3983 992 4049 pro
1037 3985 1105 4027 cu
1148 3965 1394 4031 saeculo
1441 3969 1718 4050 septimo,
1768 3973 2015 4031 auctore
2059 3969 2244 4030 Accio
2290 3966 2573 4039 sortasse,
2621 3984 2680 4046 p.
2728 3969 2808 4026 93
2855 3969 3063 4026 contra
3105 3979 3174 4021 cu

519 4069 628 4133 pro
672 4070 778 4132 quo
824 4051 882 4112 in
912 4051 1287 4133 propincus,
1331 4071 1545 4128 300115,
1590 4057 1704 4114 cet.
1752 4051 1950 4114 serius
1996 4051 2275 4134 usurpari
2324 4048 2540 4134 coepit.
2585 4047 2734 4111 ibid.

435 4134 907 4219 quadragesima
953 4134 1385 4201 Paestanorum
1432 4140 1509 4199 66
1556 4155 1632 4199 aa
1675 4136 1806 4199 vide
1850 4138 1984 4201 add.

435 4219 743 4305 quadrans
788 4225 849 4303 ty
897 4241 931 4285 o
978 4219 1265 4284 sextantis
1312 4220 1546 4285 romani
1597 4223 1673 4283 30
1719 4220 1760 4281 d

436 4303 809 4389 quatuorviri
904 4305 1155 4387 ompeiis
1206 4306 1366 4369 4678
1416 4309 1597 4380 4679,
1648 4308 1833 4380 4680,
1885 4308 2033 4368 4601
2077 4312 2337 4389 quatuor
2368 4304 2457 4365 vir
2491 4305 2509 4365 i
2544 4302 2603 4365 d.
2639 4301 2872 4365 Vibone
2903 4298 3168 4363 Valentia

521 4391 707 4462 4714,
752 4389 995 4452 Canusii
1045 4389 1238 4466 4737,
1287 4393 1471 4469 4738,
1516 4387 1760 4454 Corfinii
1811 4389 2006 4465 4790,
2056 4395 2239 4464 4791,
2290 4387 2569 4453 Volsiniis
2620 4389 2801 4462 4947,
2848 4382 3170 4448 volaterris

516 4476 704 4550 9071,
750 4472 1128 4537 Interamnae
1173 4474 1523 4540 Nahartium
1570 4479 1756 4550 9080,
1802 4472 2029 4558 Spoleti
2077 4477 2261 4548 9084,
2309 4471 2513 4536 Larini
2563 4476 2747 4546 1754,
2794 4471 2812 4533 1
2860 4469 2917 4533 d.
2966 4468 3165 4552 quinq.

520 4558 747 4622 Pinnae
802 4563 990 4634 9404,
1031 4577 1061 4626 a
1110 4563 1251 4637 406,
1313 4560 1510 4623 Paesti
1558 4564 1636 4623 66
1684 4563 1705 4621 i
1747 4581 1785 4620 u
1823 4580 1876 4636 z,
1928 4559 2211 4623 Mantuae
2257 4562 2444 4634 9143,
2494 4557 2704 4642 quinq.
2750 4553 2947 4620 Caudi
2997 4555 3170 4624 4668,
