3440 5114
536 257 602 315 38

586 376 712 442 Hos
758 380 839 443 ita
882 380 1147 454 scandit,
1195 388 1261 443 ut
1305 381 1498 465 prima
1544 399 1683 461 pars
1717 380 1795 442 sit
1828 380 2153 446 iambicum
2193 380 2511 444 dimetrum
2546 379 2987 455 catalecticum,
3019 380 3149 443 sive

502 488 909 546 tetrametrum
957 482 1236 547 colobum
1265 530 1280 557 ,
1327 482 1594 547 secunda
1651 482 2018 547 trochaicum
2081 484 2398 548 dimetrum
2460 483 3104 568 brachycatalecticum
3133 531 3149 559 ‚

505 584 617 649 hoc
662 593 757 649 est
800 585 992 650 trihus
1040 585 1331 650 trochaeis
1393 592 1696 650 constans,
1753 586 1967 649 Forma
2025 586 2206 669 igitur
2261 587 2410 651 haec
2455 606 2588 651 esse
2635 585 3016 669 intelligitur,
3066 589 3152 649 ait

503 685 882 754 Hermannus
928 689 1138 770 (Elem.
1188 689 1377 757 doctr.
1426 697 1593 753 metr.
1642 710 1699 774 p.
1746 690 1922 770 614);

1354 819 1850 948 ύ-ύ-ύ-ύΙ
1883 843 2300 907 ssvssv-uv.

589 998 655 1062 ln
703 996 795 1061 his
841 997 1114 1062 versibus
1171 997 1478 1082 spondeus
1524 1005 1584 1061 et
1628 996 1970 1063 tribrachus
2035 998 2255 1083 ubique
2319 999 2646 1063 admittitur
2691 1017 2801 1083 pro
2848 997 3050 1062 iambo
3096 1005 3157 1061 et

507 1102 819 1171 trochaeo:
867 1120 973 1185 pro
1021 1101 1295 1186 spondeo
1341 1120 1483 1165 vero
1531 1102 1806 1186 dactylus
1848 1109 1908 1164 et
1944 1109 2341 1187 anapaestus:
2389 1110 2449 1165 at
2494 1102 2796 1187 dactylum
2828 1102 2905 1165 ab
2942 1101 3154 1165 ultima

502 1204 647 1269 sede
681 1203 991 1269 exclusum
1027 1212 1197 1289 putat
1227 1203 1632 1269 Hermannus.
1661 1202 1971 1285 Originum
2000 1225 2208 1269 versus
2241 1204 2492 1270 saturnii
2530 1204 2802 1269 naeviani
2831 1223 2865 1267 a
2888 1205 3152 1268 iambico

501 1304 739 1370 senario
784 1308 1001 1392 repetit
1055 1307 1378 1371 Diomedes
1425 1308 1517 1390 (p.
1569 1310 1686 1369 495
1736 1307 1846 1388 P.);
1897 1306 2102 1391 itaque
2147 1308 2233 1371 sic
2284 1307 2491 1371 scandi
2543 1306 2665 1372 vult
2709 1315 2769 1372 ut
2814 1327 2919 1370 sex
2968 1308 3150 1370 iambi

499 1410 647 1485 sint,
695 1417 752 1471 et
797 1412 1060 1494 supersit
1103 1409 1339 1494 syllaba
1384 1410 1442 1473 in
1490 1408 1637 1472 line:

922 1565 1199 1630 Summas
1247 1546 1256 1672 Ι
1308 1584 1455 1650 opes
1503 1544 1512 1665 Ι
1563 1566 1666 1650 qui
1716 1545 1940 1672 relgum
1989 1545 2206 1673 relgias
2256 1542 2266 1670 Ι
2317 1530 2597 1669 refrelgit.

528 1740 531 1747 ·
584 1720 807 1785 Contra
851 1719 1231 1784 Hermannus
1260 1721 1537 1785 anacrusi
1583 1718 1860 1795 inducta,
1900 1720 1973 1783 de
2006 1740 2128 1804 qua
2160 1740 2322 1791 mox,
2370 1721 2461 1782 sic
2508 1718 2742 1782 scandit
2774 1727 2840 1783 ut
2863 1722 3146 1784 senarius

500 1825 576 1888 sit
622 1823 993 1889 trochaicus:

919 1938 1216 2066 Sumlmas
1262 1936 1429 2066 olpes
1475 1962 1575 2044 qui
1629 1938 1894 2065 '‘regum
1943 1939 1952 2066 Ι
2005 1937 2224 2064 regilas
2269 1941 2552 2068 relsregit.

588 2134 754 2199 Nunc
800 2142 862 2197 ut
906 2132 1305 2216 intelligentia
1349 2134 1425 2197 ad
1473 2154 1547 2197 ea
1591 2152 1746 2217 quae
1793 2135 1865 2195 de
1903 2133 2308 2196 saturniorum
2347 2132 2880 2221 expendendorum
2917 2134 3147 2198 ratione

502 2238 766 2302 dicturus
812 2257 944 2300 sum
991 2236 1361 2308 recludatur,
1408 2256 1702 2321 exponam
1742 2255 1898 2320 quae
1934 2236 2009 2299 de
2041 2237 2159 2299 arsi
2195 2242 2253 2298 et
2284 2234 2456 2312 thesi,
2493 2236 2566 2299 de
2604 2235 2905 2310 anacrusi,
2941 2237 3145 2321 deque

502 2348 754 2406 accentu
800 2350 855 2404 et
900 2339 1136 2425 rythmo
1183 2358 1219 2403 a
1262 2341 1665 2422 grammaticis
1714 2339 2049 2404 traduntur.
2095 2339 2277 2402 Aiunt
2321 2339 2502 2423 igitur
2546 2339 2603 2402 in
2652 2338 2924 2423 quolibet
2968 2358 3147 2403 voca-
3227 2394 3236 2401 .

500 2443 644 2509 bulo
688 2443 950 2528 aliquam
996 2441 1289 2528 syllabam
1335 2445 1679 2506 necessario
1720 2444 1997 2517 existere,
2029 2461 2184 2525 quae
2230 2442 2671 2526 pronuntiando
2718 2442 3004 2516 elevetur,
3051 2462 3145 2505 re·

499 2548 702 2632 liquae
770 2567 911 2611 vero
966 2545 1395 2632 deprimantur.
1454 2544 1643 2609 Latini
1718 2546 1955 2610 elevant
2008 2545 2395 2630 penultimam
2443 2551 2545 2610 aut
2590 2545 3143 2630 antepenultimam,

500 2670 611 2716 nec
647 2651 896 2715 ulterius
943 2651 1186 2734 linguae
1233 2669 1380 2714 suae
1427 2652 1823 2735 proprietates
1878 2650 2159 2736 progredi
2214 2656 2489 2733 possunt:
2539 2648 2638 2713 illa
2685 2650 2866 2733 igitur
2908 2649 3149 2734 syllaba

500 2773 655 2836 quae
688 2754 973 2830 elevatur,
1007 2752 1166 2817 arsin
1197 2772 1304 2818 seu
1336 2753 1736 2816 elevationem
1771 2752 2043 2829 habehit:
2077 2753 2348 2836 reliquae
2382 2772 2540 2837 quae
2568 2759 2896 2837 ponuntur,
2925 2752 3145 2826 thesin,

500 2864 563 2919 ut
606 2856 669 2919 in
717 2855 855 2920 hoc:
904 2860 1102 2936 pater,
1152 2876 1224 2921 eo
1271 2857 1432 2940 quod
1482 2856 1890 2938 pronuntiatio
1940 2857 2124 2920 latina
2169 2857 2246 2919 sit
2291 2855 2624 2928 trochaica,
2671 2854 2853 2920 hahet
2890 2857 3052 2919 arsin
3088 2857 3144 2917 in

496 2981 593 3040 pa.
657 2959 721 3021 ln
773 2959 1085 3023 vocabulis
1133 2961 1305 3022 trium
1369 2967 1470 3023 aut
1525 2959 1776 3044 plurium
1838 2959 2236 3045 syllabarum,
2285 2959 2334 3022 si
2383 2959 2713 3043 penultima
2768 2966 2861 3020 est
2915 2956 3147 3032 breviS,

502 3063 656 3126 arsis
704 3059 961 3125 habetur
1004 3062 1062 3124 in
1111 3064 1598 3144 antepenultima,
1646 3063 1695 3126 si
1745 3062 1924 3144 longa
1969 3071 2086 3141 est,
2134 3064 2248 3125 erit
2294 3064 2350 3126 in
2398 3061 2730 3146 penultima
2766 3068 2828 3124 ut
2865 3061 3150 3147 populuS,
3225 3084 3238 3092 ·

503 3169 808 3228 romanus.

583 3266 877 3351 Quaeque
926 3286 1038 3330 vox
1078 3267 1135 3328 in
1184 3266 1334 3330 duas
1383 3273 1582 3351 partes
1630 3265 1947 3345 dividitur:
1997 3267 2054 3327 in
2102 3284 2235 3327 eam
2283 3284 2494 3350 nempe
2542 3283 2700 3348 quae
2745 3261 2929 3327 habet
2963 3265 3147 3339 arsin,

499 3378 559 3433 et
605 3371 665 3430 in
712 3390 842 3433 eain
889 3388 1047 3452 quae
1095 3369 1210 3433 boc
1256 3371 1375 3432 ictu
1424 3369 1795 3432 destituitur:
1836 3369 1931 3431 illa
1966 3388 2105 3453 pars
2138 3385 2294 3450 quae
2329 3366 2511 3432 habet
2543 3369 2724 3444 arsin,
2758 3368 2910 3431 arsis
2939 3368 3150 3452 appel-

496 3472 683 3548 latur;
734 3491 891 3556 quae
923 3472 1043 3537 arsi
1077 3479 1262 3548 caret,
1298 3471 1479 3535 thesis
1512 3471 1749 3534 dicitur.
1799 3471 1898 3533 Sic
1937 3471 1994 3533 in
2036 3495 2064 3528 «
2098 3471 2356 3554 populus
2397 3473 2680 3534 romanus
2712 3495 2739 3529 »
2782 3491 2854 3550 po
2892 3477 2952 3533 et
2984 3491 3151 3531 vomu

497 3575 779 3638 dicuntur
807 3594 989 3649 arseS,
1015 3577 1188 3657 putus
1218 3581 1278 3638 et
1307 3596 1412 3636 nus
1444 3575 1731 3638 dicuntur
1762 3573 1988 3637 theses:
2025 3574 2080 3637 in
2118 3597 2146 3632 α
2171 3574 2483 3636 consilium
2508 3596 2534 3630 »
2566 3580 2625 3636 et
2654 3571 3137 3657 «depositione»

496 3682 653 3739 consi
691 3686 750 3741 et
793 3679 1065 3757 depositio
1110 3685 1250 3742 sunt
1294 3695 1493 3751 ωερε,
1543 3678 1680 3739 lium
1728 3683 1786 3740 et
1831 3698 1898 3737 ne
1943 3685 2082 3740 sunt
2128 3674 2347 3739 theses,
2410 3675 2574 3739 Haec
2620 3677 3015 3758 grammatici.
3074 3679 3150 3738 At

495 3780 802 3845 Bentleius
842 3788 899 3844 et
935 3782 1038 3864 qui
1077 3801 1213 3845 eum
1252 3782 1528 3865 sequitur
1576 3780 1952 3844 Hermannus
1992 3787 2192 3842 tenent
2232 3780 2392 3841 arsin
2432 3799 2565 3843 esse
2598 3781 2656 3844 in
2697 3779 2874 3842 unica
2912 3779 3150 3864 syllaba

495 3884 602 3946 illa
647 3904 804 3967 quae
849 3884 966 3947 arsi
1015 3890 1279 3963 notatur,
1309 3892 1579 3948 caeteras
1626 3903 1767 3946 vero
1813 3881 2074 3966 syllabas
2109 3900 2243 3945 esse
2278 3881 2512 3968 thesim.
2563 3882 2885 3947 Praeterea
2917 3888 3147 3966 partem

495 3988 681 4062 vocis,
736 4006 892 4069 quae
937 3994 1076 4051 ante
1125 3987 1307 4051 ictum
1355 3994 1471 4062 est,
1518 3985 1920 4050 Hermannus.
1953 3993 2125 4048 vocat
2171 3985 2527 4063 anacrusin,
2574 3984 2861 4070 quoniam
2911 4004 3023 4049 nec
3071 3986 3149 4049 ab

495 4090 618 4152 ictu
664 4090 792 4152 sive
837 4091 955 4152 arsi
1002 4089 1254 4174 pendet,
1303 4109 1500 4173 neque
1545 4090 1698 4152 arsis
1746 4095 1854 4151 est.

578 4191 728 4256 Item
778 4192 1166 4259 Grammatioi
1214 4195 1399 4264 aiunt,
1448 4200 1511 4256 ut
1556 4193 1613 4254 in
1664 4191 1974 4257 recitando
2024 4192 2429 4276 pronuntiatio
2478 4191 2778 4255 trochaica
2827 4199 2935 4267 est,
2972 4193 3055 4254 ita
3086 4194 3147 4256 in
3244 4220 3254 4227 ·

495 4295 838 4360 scandendo
884 4297 1061 4362 sedes
1106 4304 1396 4362 accentus
1445 4297 1500 4358 in
1542 4302 1868 4358 extremam
1917 4295 2215 4380 syllabam
2256 4296 2630 4374 transfertur,
2664 4300 2723 4359 et
2752 4303 2844 4359 est
2878 4314 3150 4379 pronun-

498 4400 663 4463 tiatio
710 4399 1000 4479 iambica3
1049 4399 1244 4465 differt
1306 4400 1486 4481 igitur
1545 4399 1602 4461 in
1662 4398 1931 4480 qualibet
2000 4419 2146 4461 vove
2207 4405 2494 4463 accentus
2554 4398 2996 4482 pronuntiantis
3067 4399 3148 4462 ab

494 4512 747 4568 accentu
781 4504 1157 4568 scandentis:
1192 4503 1293 4566 ille
1328 4501 1571 4588 proprie
1604 4508 1892 4565 accentus
1925 4499 2161 4576 dicitur,
2195 4502 2307 4566 iste
2341 4520 2628 4566 numerus
2657 4521 2765 4565 seu
2791 4500 3147 4586 rhythmus;

493 4605 594 4670 ille
641 4606 705 4670 fit
749 4609 871 4673 toni
918 4609 1285 4684 elevatione,
1333 4605 1446 4669 iste
1504 4604 1772 4686 gignitur
1828 4604 2104 4670 brevibus
2162 4612 2220 4668 et
2274 4603 2491 4686 longis.
2558 4604 2702 4670 Inde
2759 4623 3145 4688 consequens
