3440 5114
2806 250 2870 307 67

421 390 489 472 k)
536 396 690 467 m,
748 396 848 463 Ατι
902 387 960 451 in
1010 388 1245 453 antica.
1297 395 1405 474 Q·
1440 386 1588 457 <ev
1646 362 1657 489 ¹
1711 388 2193 456 retii-ror
2240 382 2295 445 in
2346 381 2601 466 postica.

587 490 786 576 Caput
829 490 1112 555 Herculis
1159 490 1394 554 barbati
1444 486 1640 571 spolio
1686 486 1881 551 leonis
1929 493 2170 565 tectum.

588 591 790 658 Clava.

506 698 573 761 In
620 716 831 761 museo
880 697 1194 761 Parmensi
1242 705 1300 760 et
1344 698 1507 781 apud
1551 717 1679 771 me,
1718 694 1900 779 pend.
1943 713 2031 776 gr.
2068 696 2122 756 7.
2167 692 2423 756 Avellin.
2464 692 2618 756 male
2658 696 2752 762 DE
2787 710 2897 775 pro

338 806 426 874 ΓΕ
471 800 661 875 dedit.
719 809 789 874 Ν
808 807 819 869 1
873 807 967 863 est
1009 802 1067 863 in
1116 798 1460 874 Parmensi,
1511 806 1572 863 ut
1617 798 1871 862 videtur.

413 904 464 986 l)
519 908 734 976 ΠᾹιΞ,
784 909 995 990 QviN
1059 904 1119 966 in
1166 904 1368 968 antica
1413 910 1474 965 et
1510 910 1650 966 nota
1688 902 1958 966 semissis
2005 906 2074 975 S,
2125 905 2233 970 CN
2289 905 2413 970 νει,
2458 871 2472 1003 ¹
2524 904 2578 968 Μ
2628 902 2744 970 SA!
2799 898 2892 960 vel

338 1012 395 1077 Μ
443 1012 564 1080 SA!
619 980 634 1109 ¹
678 1012 784 1078 (Ν
839 1014 965 1079 νει,
1007 1005 1071 1070 in
1113 1008 1367 1092 postica.

583 1110 784 1196 Caput
827 1110 1148 1175 muliebre.

583 1211 824 1280 Corona
865 1214 1096 1279 laurea.

503 1314 715 1380 Habeo
761 1316 925 1401 apud
971 1337 1084 1382 me.
1134 1316 1335 1391 Edidit
1379 1316 1679 1382 Catellius
1726 1317 1882 1381 male
1928 1321 2030 1388 (Ν
2081 1288 2093 1417 ¹
2148 1319 2288 1384 ΜΑ.
2983 1404 2992 1409 ,

416 1419 500 1502 m)
554 1424 755 1493 ΓΙΑΕ,
798 1427 939 1507 Qvi
979 1429 1039 1485 et
1068 1428 1211 1485 nota
1239 1421 1514 1486 semissis
1543 1421 1604 1485 in
1633 1422 1852 1495 antica,
1892 1425 1997 1491 (Ν
2023 1423 2227 1490 <0ss
2263 1392 2276 1523 ¹
2313 1422 2370 1487 Μ
2395 1423 2590 1489 ·TVC
2624 1390 2637 1521 ¹
2678 1419 2895 1520 PATR

332 1521 395 1584 in
440 1523 692 1605 posfica.
1828 1584 1833 1589 .
2619 1518 2624 1523 ⁴

583 1623 898 1712 Templum
944 1627 1097 1692 forte
1141 1624 1456 1714 Qvtrino
1503 1612 1788 1693 dicatum.
1895 1693 1900 1699 ,

581 1727 820 1794 Corona
864 1731 1092 1795 laurea.

498 1828 628 1895 Vidi
676 1831 738 1896 in
784 1853 996 1898 museo
1046 1835 1353 1899 Parmensi
1402 1835 1745 1920 exemplum
1794 1834 2117 1921 optimum,
2168 1832 2291 1896 vidi
2339 1837 2400 1896 et
2447 1830 2863 1897 vindobonae.

418 1935 482 2015 n)
536 1940 725 2008 ΡΑΕς
775 1935 835 2000 ἰη
880 1937 1148 2023 postica,
1194 1943 1296 2013 ΝΗ
1349 1939 1612 2020 (ΜΑΡΙ)
1661 1937 1722 2001 ἰῐι
1766 1937 1986 2002 antica.
2653 1953 2660 1959 ·

580 2037 781 2124 Caput
826 2039 1082 2126 Neptuni
1130 2062 1265 2106 cum
1314 2042 1607 2114 tridente,
1657 2047 1717 2104 et
1764 2047 1909 2104 nota
1953 2040 2245 2104 semissis.

581 2143 821 2206 Ancora
865 2163 999 2208 cum
1046 2151 1302 2209 temone.

500 2241 563 2306 lu
611 2263 823 2309 museo
870 2246 1278 2332 neapolitano.
1329 2247 1487 2311 Male
1522 2248 1591 2310 in
1635 2244 1916 2312 Aveliinii
1963 2245 2240 2326 catalogo
2285 2249 2359 2318 Μ
2410 2251 2472 2315 ΡΙ
2524 2246 2805 2309 solutum.

414 2344 478 2426 ⁰)
533 2350 684 2419 ΡΑΕ
731 2348 790 2410 in
836 2350 1107 2434 postica,
1157 2354 1229 2438 pf
1273 2349 1497 2433 (Avf)
1547 2352 1605 2413 in
1652 2350 1869 2414 antica.
2345 2370 2352 2376 ·

581 2448 778 2536 Caput
820 2451 1116 2538 Neptuni,
1164 2459 1225 2517 et
1270 2460 1305 2526 S
1350 2460 1495 2518 nota
1539 2453 1832 2520 semissis

581 2553 767 2619 Prora
809 2556 999 2621 navis.

496 2654 559 2719 ln
608 2677 815 2722 museo
862 2659 1257 2744 Neapolitano
1303 2669 1364 2725 et
1406 2662 1777 2728 Monacensi.

412 2759 484 2839 p)
538 2765 707 2838 ωε,
770 2768 1063 2838 ιωῑνε
1122 2764 1213 2827 vei
1270 2773 1360 2834 ι.·
1402 2772 1545 2842 ieie
1594 2768 1654 2830 in
1702 2769 1974 2849 postica,
2042 2772 2321 2837 0·er
2369 2740 2380 2868 ¹
2434 2773 2631 2838 srvi.
2676 2737 2688 2869 ¹
2741 2771 2887 2835 Ρεπ

330 2859 427 2925 vel
478 2867 645 2935 sev!
702 2839 715 2971 ¹
766 2871 837 2941 Ρ,
884 2864 978 2928 vel
1033 2873 1249 2939 ΕΓΙνι,
1357 2877 1401 2942 Ρ
1445 2870 1505 2934 in
1550 2871 1784 2944 antica,
1831 2877 1891 2935 et
1936 2878 2078 2935 nota
2123 2869 2303 2955 pretii
2351 2875 2404 2942 ς.

579 2966 788 3032 Temo.

576 3071 816 3146 Ancora
858 3080 918 3136 et
963 3081 1105 3139 nota
1148 3078 1436 3142 semissis.

495 3169 705 3237 Habeo
750 3176 914 3258 apud
962 3196 1088 3242 me:
1137 3176 1437 3244 Carellius
1484 3188 1617 3263 post
1668 3187 1876 3253 ΕΡνΙ.
1911 3182 2127 3246 incidit
2165 3188 2343 3259 οεο,
2379 3183 2710 3247 Avellinius
2746 3182 2890 3264 legit

334 3278 509 3346 ΕΡνΙ
542 3282 658 3352 ·(,
712 3284 921 3350 ΕΡνῑ.
970 3286 1168 3352 ΟΕΜΞ
1216 3283 1275 3345 in
1309 3284 1460 3347 meis
1489 3282 1607 3367 legi
1650 3290 1733 3355 D·
1763 3291 1918 3356 ΡΑΟ
1962 3292 2145 3357 §invi
2191 3293 2260 3363 Ρ,
2298 3288 2358 3351 in
2391 3287 2578 3351 altero
2622 3293 2706 3358 D·
2735 3291 2887 3357 ΡΑΟ

329 3383 547 3450 ΕΓὶνι,
598 3386 802 3451 ficri,
850 3382 1072 3448 litteris
1116 3383 1280 3450 infra
1323 3385 1671 3452 dimidiatis.

405 3482 476 3564 q)
531 3489 741 3557 ΠΑΕΞ
788 3486 849 3548 in
897 3489 1134 3561 antica,
1188 3496 1328 3564 HD
1376 3465 1389 3595 ¹
1443 3483 1650 3564 ΓΙΟΠ
1697 3494 1756 3555 in
1810 3493 2061 3575 postica.

575 3585 778 3672 Caput
824 3590 1135 3656 muliebre.

575 3690 695 3756 Sus
742 3711 996 3758 currens
1040 3701 1103 3759 et
1148 3704 1288 3763 uota
1333 3700 1637 3764 sextantis.

492 3793 675 3859 Dedit
717 3795 1016 3862 Catellius
1062 3798 1181 3863 tab.
1226 3800 1547 3878 CXXXIV,
1596 3808 1694 3866 84.

402 3899 471 3981 r)
519 3907 607 3969 1,-
638 3906 708 3972 Ἑ
753 3899 813 3965 ἰη
861 3902 1089 3978 antica,
1142 3909 1238 3975 ΡΑ
1289 3882 1301 4009 ¹
1351 3896 1539 3978 ΡΟΠ
1581 3908 1640 3970 in
1686 3908 1940 3992 postica.

573 4005 780 4072 Cornu
829 4008 1006 4092 copia
1051 4015 1114 4071 et
1156 4007 1386 4091 globuli
1433 4016 1696 4094 quatuor
1747 4024 1830 4073 ·:·
1878 4012 1955 4076 ad
2003 4011 2215 4077 stellae
2261 4011 2524 4076 modum.

488 4111 594 4176 Est
638 4111 800 4196 apud
847 4131 959 4175 me.
1008 4111 1259 4178 Coliatis
1305 4113 1545 4178 duobus
1590 4113 1682 4177 his
1716 4113 1976 4178 nummis
2010 4114 2068 4177 in
2105 4109 2327 4199 quihus
2360 4113 2587 4180 Fadius
2617 4114 2888 4179 Pontifex

302 4217 568 4290 dicitur,
616 4213 1030 4302 explicabitur
1076 4218 1334 4282 sortasse
1387 4222 1583 4288 ευνι.
1635 4224 1685 4287 Γ·
1742 4223 2005 4288 επνιο
2050 4215 2295 4302 publice.
2347 4199 2724 4289 enotatas).

393 4320 456 4402 s)
512 4325 672 4394 PAES
718 4320 778 4383 in
828 4320 1097 4406 postica,
1146 4326 1255 4391 (Ν
1309 4325 1420 4392 Ἐν
1468 4320 1530 4383 in
1578 4322 1793 4386 antica.

569 4421 770 4508 Caput
813 4421 1076 4507 Neptuni
1125 4442 1258 4487 cum
1305 4422 1566 4487 tridente
1611 4430 1672 4486 et
1714 4430 1859 4487 nota
1903 4421 2193 4487 semissis.

574 4523 767 4591 Prora
811 4525 978 4592 navis
1025 4525 1181 4590 inter
1224 4526 1377 4590 duos
1424 4525 1771 4610 delphines.
2124 4606 2129 4616 ·

485 4628 553 4692 ln
610 4646 818 4693 museo
877 4627 1270 4714 neapolitano
1325 4628 1487 4692 linea
1542 4628 1917 4714 aliquantum
1963 4631 2262 4715 producta
2304 4632 2362 4695 in
2418 4635 2475 4707 Ἐ
2528 4633 2603 4696 ad
2651 4630 2886 4698 iaevam

294 4737 476 4800 recte
523 4731 824 4816 accipitur
866 4751 975 4818 pro
1021 4751 1296 4816 monogr.
1343 4737 1446 4803 ΤΕ
1491 4731 1568 4796 ab
1611 4731 1912 4797 Avellinio
1958 4740 2020 4797 et
2061 4733 2212 4798 aliis.
2349 4771 2356 4776 ·
