3440 5114
2890 251 2990 309 269

366 374 507 433 966.
553 369 626 452 (=
652 371 822 453 669).
873 408 953 419 -
1003 371 1065 434 ln
1114 372 1366 457 Aprutio
1413 378 1673 456 reperta.
1725 371 1830 435 Est
1874 381 1934 437 et
1980 374 2039 437 in
2088 373 2511 439 Kircheriano.

1488 531 1639 597 1.εο
1687 505 1885 598 §Vm

1632 634 1752 699 em

446 761 775 847 Descripsi.
831 763 1005 827 Putat
1040 763 1308 828 Momms.
1355 764 1677 846 legendum
1743 771 1895 837 Leo
1929 798 1941 812 ·
1971 771 2135 835 ><Vll
2170 799 2183 813 ·
2216 771 2309 835 ΡΙ.
2337 799 2350 813 ·
2382 771 2501 837 ΡΙΡ.
2527 801 2540 815 ·
2598 765 2759 830 Nihil
2798 764 3013 833 minuS.

358 864 565 930 Lectio
627 874 796 929 certa
842 874 951 931 est.
1000 868 1148 931 Puto
1192 868 1495 949 legionem
1544 888 1677 931 esse
1729 867 2042 932 firmanam
2101 869 2551 954 eodem‘pacto
2610 867 3018 954 appellatam,

359 989 479 1053 quo
526 967 691 1050 legio
737 968 853 1034 XX
896 968 1262 1035 Mutinensis
1310 971 1587 1055 aliaeque
1636 970 1900 1055 Soraua,
1950 971 2178 1036 Sabina
2223 979 2337 1035 etc.
2387 971 2605 1036 dictae.

365 1160 506 1223 967.
558 1157 628 1243 (ε
654 1159 830 1242 663).
877 1194 960 1209 -
1007 1160 1073 1222 in
1123 1160 1365 1223 Piceno.
1472 1139 1487 1150 ”

1531 1300 1680 1368 teo
1713 1332 1727 1346 ·
1755 1302 1857 1366 ›o‹

444 1431 682 1496 Editam
729 1431 917 1497 habes
966 1432 1191 1515 duplici
1253 1433 1533 1516 exemplo
1579 1450 1614 1494 a
1657 1430 1925 1507 Delfico,
1976 1432 2077 1516 qui
2128 1440 2382 1498 testatus
2429 1440 2521 1498 est
2567 1434 2623 1497 in
2685 1432 2906 1499 Piceno
2954 1442 3015 1500 et

358 1535 416 1597 in
466 1533 680 1599 vicinis
726 1535 950 1600 Asculo
998 1534 1152 1599 locis
1200 1537 1522 1599 inventam.

264 1796 281 1810 ι
358 1724 499 1784 968.
539 1719 615 1803 (2-
639 1725 760 1784 665
791 1727 850 1785 et
879 1740 1016 1804 pag.
1059 1723 1237 1804 559).
1277 1759 1353 1771 -
1388 1722 1454 1784 In
1491 1723 1729 1785 Piceno.
1763 1722 1850 1785 Ex
1880 1722 2354 1804 santangelianis
2387 1722 2573 1786 musei
2607 1718 3012 1807 Neapolitani.

1601 1861 1799 1930 ΕΛΛἏ

1531 1965 1677 2031 MA
1696 1965 1857 2032 [ΝΜ

1584 2069 1603 2103 ’
1645 2068 1801 2132 «ΑΙ.

443 2195 770 2282 Descripsi.
795 2196 1143 2279 Legebatur
1169 2205 1296 2269 ΜΙΙ
1333 2204 1742 2269 ΛΛΑΙΝΙΛΛ.
1767 2198 2152 2281 Kiesslingus
2186 2198 2335 2281 legit
2372 2204 2561 2269 ΕΛΛΓ
2596 2204 3013 2270 ΛΛΑΙΝΑΛΛ

365 2306 590 2370 ΛΑΜ..
640 2299 822 2364 Puto:
871 2299 1013 2376 Em,
1062 2301 1286 2366 malum
1337 2298 1577 2367 malum.

360 2493 500 2553 969.
548 2492 822 2574 (ε666).
868 2525 944 2535 -
986 2488 1052 2552 ln
1099 2488 1325 2553 Piceno
1372 2490 1590 2555 litteris
1637 2491 1864 2555 incisis.

1635 2634 1739 2699 Ι.Α

441 2782 627 2847 Dedit
669 2782 942 2848 Delficus
994 2782 1184 2867 (Belle
1227 2792 1344 2846 ant.
1391 2785 1633 2866 qhiande
1680 2783 1802 2847 tab.
1850 2783 1946 2865 5).
2018 2778 2288 2845 Similem
2336 2780 2462 2845 vidi
2508 2780 2572 2845 in
2620 2800 2833 2845 museo
2879 2801 3016 2846 san-

358 2886 711 2969 tangeliano
758 2895 819 2951 at
861 2885 1079 2951 litteris
1113 2886 1456 2952 extantibus
1511 2894 1606 2957 ι,Λ
1654 2893 1715 2951 et
1746 2893 1918 2970 parte
1951 2904 2168 2949 aversa
2198 2905 2271 2949 ex
2305 2884 2649 2971 anaglypho
2683 2884 3008 2969 pugionem

358 2990 672 3054 ferentem.
733 2989 1030 3054 Glandem
1078 2989 1259 3054 etiam
1306 3009 1424 3053 non
1472 2992 1755 3074 scriptam
1801 2989 2066 3074 pugione
2110 2987 2481 3073 insculptam
2530 2988 2701 3052 dedit
2745 2986 3014 3053 Delficus

355 3094 413 3155 in
463 3092 580 3158 tab.
630 3112 684 3157 n.
734 3096 792 3155 6.
843 3091 994 3156 Puto
1044 3113 1163 3157 non
1213 3100 1397 3159 recte.
1444 3092 1619 3171 Quae
1666 3092 1864 3157 lineae
1911 3092 2071 3156 duae
2105 3091 2463 3157 decussatae
2497 3098 2555 3156 et
2586 3088 2736 3156 satis
2768 3108 3012 3157 crassae

354 3202 654 3280 apparent
697 3195 1032 3279 aliquando
1080 3197 1142 3258 in
1189 3216 1405 3261 aversa
1450 3195 1667 3278 glande
1725 3195 2023 3259 funiculos
2084 3213 2191 3257 seu
2258 3192 2499 3276 ῥάβδους
2556 3200 3014 3278 repraesentare

361 3303 619 3374 constat,
667 3296 908 3361 collatis
955 3297 1280 3381 glandibus
1328 3297 1519 3361 musei
1567 3296 1950 3362 Kircheriani
1988 3297 2266 3381 aliisque.
2303 3298 2456 3362 Sunt
2486 3315 2631 3360 vero
2662 3294 2720 3359 hi
2756 3295 3004 3361 funiculi
3093 3320 3098 3323 ·

354 3400 676 3465 fundarum
726 3399 832 3463 alii
879 3400 1035 3465 alios
1081 3401 1447 3466 scandentes
1491 3402 1580 3463 ita
1627 3409 1691 3464 ut
1736 3399 2015 3486 plagulas
2062 3407 2121 3464 et
2165 3398 2439 3465 maculas
2487 3397 2879 3484 scutulasque
2926 3401 3010 3464 es-

360 3501 594 3567 liciant:
644 3511 1018 3590 quapropter
1062 3505 1285 3569 fundae
1332 3507 1391 3568 in
1439 3505 1660 3580 medic,
1706 3505 1871 3589 quod
1918 3510 2012 3568 est
2058 3502 2462 3580 reticulatum,
2511 3502 2739 3567 scutale
2769 3510 3008 3568 vocant.

354 3605 605 3671 Falsarii
654 3607 755 3692 qui
818 3608 877 3671 id
938 3627 1054 3671 non
1112 3607 1575 3683 intellexerunt,
1622 3609 1714 3671 vel
1768 3607 1977 3672 Delfici
2039 3615 2300 3694 ectypon
2361 3607 2841 3683 transtulerunt,
2899 3626 3011 3691 pro

354 3711 736 3795 plagularum
787 3710 1093 3785 funiculiS,
1141 3711 1377 3793 gladios
1423 3718 1483 3775 et
1527 3712 1826 3796 pugiones
1873 3712 2036 3775 dant.

361 3898 502 3958 970.
542 3933 620 3944 -
661 3895 731 3959 In
781 3916 988 3961 musco
1036 3897 1458 3963 Kircheriano.

1559 4041 1807 4108 Ont<0

441 4186 774 4270 Descripsi.
822 4187 1116 4271 Legeram
1160 4194 1462 4263 ΟΕΙΚΟ,
1513 4210 1729 4274 nempe
1777 4210 1968 4265 οσικο,
2019 4196 2080 4253 at
2125 4189 2411 4256 secundis
2471 4191 2636 4253 curis
2696 4187 2901 4253 littera
2964 4195 3005 4259 Π

360 4291 488 4353 visa
534 4298 625 4355 est
670 4289 873 4374 potius
920 4311 1207 4373 graecum
1260 4297 1306 4361 Π
1360 4313 1538 4375 quam
1586 4316 1654 4355 σι.
1724 4293 1943 4357 Fertur
2003 4294 2143 4356 item
2203 4293 2323 4356 alia
2381 4292 2553 4375 glans
2611 4292 2856 4376 (2:674)
2915 4289 3005 4356 sic

358 4394 680 4479 inscripta:
736 4395 991 4471 ἹΑΧω.
1062 4393 1212 4457 Puto
1269 4395 1421 4458 male
1482 4396 1869 4480 descriptam.
1933 4401 2182 4467 ΟΠΚΟ
2241 4402 2332 4459 est
2389 4393 2695 4477 genitivus
2754 4394 3007 4478 pluralis

357 4516 464 4580 pro
511 4497 765 4581 Opicom
813 4515 1031 4581 nempe
1076 4494 1426 4580 Opicorum.
1473 4495 1702 4582 Opicus
1748 4520 1893 4564 vero
1939 4498 1998 4563 in
2047 4499 2332 4563 omnibus
2380 4499 2505 4563 fere
2545 4496 2808 4582 antiquis
2849 4516 3007 4562 com·

358 4600 669 4664 mentariis
714 4598 900 4664 scribi
948 4619 1055 4685 pro
1101 4599 1303 4665 Obsco
1351 4607 1603 4665 testatur
1648 4601 1863 4667 Festus
1909 4623 1969 4687 p.
2021 4607 2160 4665 ⁴89.
