3440 5114
539 259 597 313 Η

499 379 614 446 mis
652 401 745 454 m,
784 388 818 451 ε
846 430 862 459 ,
916 379 989 454 ξ,
1027 388 1098 459 Ε,
1148 382 1177 462 3
1217 430 1227 450 ,
1268 386 1323 452 S.
1373 378 1655 446 Sicilicus
1701 379 1970 464 pingitur
2014 387 2075 444 ut
2122 378 2330 445 lunula
2376 399 2554 443 versa
2588 382 2662 444 ad
2702 380 2937 444 laevam
2976 384 3012 451 >
3049 378 3156 441 vel

505 489 569 548 ut
597 482 762 549 linea
791 492 958 549 recta
990 484 1046 547 in
1082 484 1367 567 angulum
1403 482 1592 548 fracta
1625 490 1697 563 >;
1731 483 1965 549 sextula
2004 483 2127 548 fere
2167 489 2230 546 ut
2266 488 2399 547 zeta
2434 488 2482 553 Ζ
2518 482 2609 545 vel
2649 481 2737 547 sic
2766 485 2860 563 2.
2897 480 3157 547 Unciam

505 585 786 671 exprimit
829 585 1110 652 circellus
1155 587 1367 671 plenus
1414 619 1449 655 ο
1497 583 1624 650 sive
1662 585 1970 669 globuluS,
2011 605 2433 670 nonnunquam
2473 584 2634 649 linea
2670 583 2876 650 iacens
2913 622 3011 653 -ν,
3044 581 3162 649 Sic

505 687 1004 775 interpretaberis
1063 697 1236 753 notas
1282 709 1317 752 a
1366 687 1668 754 Viscontio
1727 687 1920 753 Ennio
1980 686 2241 766 Quirino
2295 687 2479 752 lectas
2523 686 2584 751 in
2633 694 2920 769 argentea
2964 705 3164 772 capsa

506 793 579 872 R
609 797 766 863 ΧΧΙΙ
794 827 826 839 -
854 793 1011 875 ΙΙΙξ,
1044 790 1156 855 hoc
1188 798 1296 865 est,
1330 798 1474 856 sunt
1503 789 1695 856 librae
1726 789 2091 874 vigintiduo,
2113 789 2329 855 unciae
2366 798 2504 859 tres,
2539 788 2739 853 semis.
2771 787 2990 855 t'nciae
3022 807 3159 863 sex,

507 913 663 977 quae
699 893 927 959 faciunt
958 893 1150 958 librae
1183 892 1523 972 dimidium,
1550 893 1746 957 solent
1774 894 1885 959 boc
1915 892 2089 975 signo
2124 892 2313 957 notari
2347 899 2382 965 S
2419 892 2479 955 in
2515 891 2792 967 nummiS,
2821 911 2941 977 quo
2970 889 3161 975 signo

506 995 706 1072 etiam,
739 998 846 1061 sed
883 1016 1044 1071 raro,
1077 994 1281 1073 semis
1320 996 1380 1059 id
1416 1003 1506 1060 est
1537 995 1788 1082 quaevis
1820 994 2073 1061 dimidia
2107 1015 2246 1081 pars
2278 994 2676 1077 significatur,
2706 1003 2770 1059 ut
2799 994 2860 1058 in
2895 991 3158 1058 dimidio

506 1098 789 1163 sextertio
833 1119 1081 1164 romano
1132 1106 1193 1171 tS
1242 1101 1303 1183 (ε
1328 1119 1415 1172 as,
1464 1099 1812 1185 quadrans),
1859 1098 1919 1162 in
1956 1098 2213 1162 nummis
2245 1096 2559 1163 venusinis
2592 1130 2627 1166 o
2663 1103 2731 1175 S,
2779 1096 2938 1161 idest
2967 1094 3161 1161 uncia

505 1200 721 1277 semiS,
770 1200 898 1265 sive
944 1200 1263 1280 sexuncia3
1307 1200 1450 1266 item
1500 1208 1569 1278 S,
1617 1200 1948 1269 semuncia)
2002 1200 2373 1266 vetustiores
2428 1198 2650 1265 nummi
2711 1198 2831 1265 alio
2882 1197 3053 1282 signo
3099 1206 3151 1276 ξ

509 1301 913 1381 semunciam,
951 1302 1072 1369 alio
1110 1310 1145 1376 S
1192 1301 1505 1368 semissem
1554 1302 1947 1389 distinguunt.
1999 1305 2348 1369 llatrienses
2379 1303 2600 1388 quibus
2634 1300 2792 1366 libra
2822 1308 2915 1365 est
2941 1301 3157 1367 decem

454 1465 465 1474 .
509 1404 857 1483 unciarum,
906 1406 1224 1473 semissem
1271 1408 1669 1491 quincuncem
1717 1407 1941 1494 duplici
1989 1406 2195 1492 signo,
2242 1408 2348 1474 sed
2396 1427 2533 1472 raro
2565 1413 2794 1479 notant,
2822 1425 3034 1490 nempe
3064 1404 3158 1470 si·-

508 1528 627 1591 gno
674 1515 703 1579 ὶ
750 1506 809 1572 in
857 1508 1060 1575 antica
1105 1508 1327 1574 nummi
1376 1509 1612 1596 posito,
1660 1510 1855 1575 unciis
1899 1512 2198 1599 quinque,
2248 1544 2283 1580 ο
2313 1544 2348 1580 ο
2378 1544 2413 1580 ο
2443 1543 2478 1579 ο
2510 1543 2583 1582 ο,
2630 1507 2692 1572 in
2741 1506 2988 1592 postica·

1691 1750 1862 1824 CAP.
1901 1749 1970 1822 V·

1490 1945 1562 1988 ne
1597 1942 1793 1990 titteris
1828 1944 2171 1998 reu-omnis.

592 2125 721 2189 Non
769 2132 860 2189 est
904 2124 1081 2190 nobis
1128 2127 1629 2209 praetereundum
1678 2126 1964 2210 quasdam
2012 2126 2268 2191 inveniri
2313 2125 2543 2191 litteras
2587 2124 2648 2190 in
2690 2133 2968 2192 contextu
3014 2146 3154 2190 ora-

508 2229 681 2292 tionis
741 2248 897 2312 quae
942 2227 1331 2312 retrogradae
1377 2229 1454 2293 ab
1500 2228 1767 2315 antiquis
1813 2224 2073 2314 scriptae
2119 2236 2290 2308 sunt;
2348 2229 2410 2294 in
2459 2229 2685 2314 quibus
2730 2230 3014 2295 solemnis
3060 2237 3158 2293 est

508 2328 710 2395 littera
757 2336 825 2406 ),
871 2331 1115 2396 lunulae
1162 2332 1219 2394 in
1268 2333 1508 2396 modum
1558 2331 1784 2407 efficta,
1829 2333 1921 2396 vel
1970 2339 2002 2403 >
2054 2331 2226 2397 lineis
2261 2332 2498 2398 duabus
2528 2334 2709 2399 rectis
2752 2334 2828 2398 ad
2865 2333 3154 2415 angulum

509 2433 787 2498 obtusum
820 2431 1061 2498 iunctis.
1102 2433 1268 2498 Hanc
1300 2434 1441 2499 olim
1486 2444 1621 2520 post
1651 2443 1927 2501 auctores
1958 2443 2192 2500 veteres
2225 2434 2438 2517 siglam
2471 2435 2750 2501 dixerunt
2786 2434 3154 2502 recentiores

510 2555 634 2620 qua
678 2534 873 2601 liberti
923 2533 1253 2601 libertaeve
1300 2535 1616 2615 Caiarum,
1665 2541 1895 2623 nempe‘
1926 2536 2279 2614 mulierum,
2325 2559 2481 2624 quae
2526 2536 2823 2605 communi
2858 2538 3153 2604 vocabulo

507 2640 675 2703 Gaiae
699 2638 1177 2725 appellabantur,
1200 2640 1723 2724 dignoscerentur.
1749 2640 1917 2706 Nunc
1940 2640 2176 2706 collatis
2202 2641 2604 2708 monumentis
2629 2640 2911 2727 apparuit
2937 2639 3151 2725 siglam

508 2741 672 2806 illam
719 2740 956 2827 signum
1003 2762 1138 2806 esse
1185 2742 1442 2827 positum
1481 2765 1588 2830 pro
1628 2742 1866 2808 nomine
1911 2752 2214 2830 patronae.
2265 2745 2476 2829 ltaque
2514 2744 2562 2809 si
2602 2743 2705 2830 qui
2744 2764 2981 2829 quaeve
3015 2764 3154 2808 mu-

510 2843 678 2909 lieris
709 2845 966 2911 alicuius
1003 2865 1242 2918 servus,
1268 2844 1521 2911 libertus
1542 2895 1556 2922 ,
1585 2846 1799 2912 liberta
1830 2854 2013 2922 esset,
2037 2848 2129 2911 vel
2159 2848 2336 2931 plene
2367 2846 2815 2915 inscribebatur
2842 2844 3154 2922 AemiliuS,

514 2946 802 3013 Aemiliae
847 2949 1127 3024 libertuS,
1173 2949 1418 3026 liberta,
1465 2949 1559 3015 vel
1606 2949 1719 3016 hac
1767 2948 1925 3033 sigla
1975 2960 2041 3029 >,
2096 2959 2169 3025 1,,
2216 2971 2409 3038 eaque
2454 2951 2794 3035 legebatur,
2841 2948 3150 3023 mulieriS,

510 3071 724 3137 nempe
769 3050 1095 3126 Aemiliae,
1141 3051 1270 3116 lib..
1305 3052 1469 3119 Haec
1522 3073 1677 3137 quae
1724 3052 1848 3118 dixi
1898 3074 2090 3140 nuper
2131 3055 2481 3120 confirmata
2526 3062 2666 3118 sunt
2707 3053 2880 3119 titulo
2927 3052 3154 3117 Romae

510 3161 770 3238 reperto,
815 3153 877 3217 in
925 3175 1045 3238 quo
1095 3157 1444 3238 retrograda
1488 3155 1697 3223 lunula
1743 3156 1941 3241 posita
1990 3165 2084 3222 est
2127 3177 2234 3243 pro
2280 3156 2496 3222 initiali
2544 3157 2836 3222 imminuti
2890 3153 3153 3221 nominis

509 3263 563 3327 Τ
592 3285 606 3301 ·
632 3261 990 3328 coartat
1028 3281 1069 3308 '·-
1108 3262 1262 3329 >ott
1303 3298 1317 3314 ·
1364 3265 1448 3330 1.,
1505 3280 1719 3344 nempe
1780 3259 2102 3325 Corneliae
2144 3259 2342 3325 libert.
2404 3258 2710 3344 Singulari
2766 3259 3041 3342 exemplo
3086 3257 3152 3321 iit

514 3358 842 3446 aliquando
889 3366 953 3425 ut
996 3359 1230 3426 litterae
1276 3368 1348 3438 (Ι,
1393 3367 1466 3437 J,
1506 3370 1575 3435 η,
1624 3363 1964 3429 scribantur
2016 3384 2123 3448 pro
2172 3360 2408 3438 Puella,
2460 3360 2734 3440 Liberta,
2779 3360 2950 3425 Filia.

1662 3602 1833 3675 CAP.
1890 3600 1994 3675 Vl.

640 3798 712 3842 ne
746 3795 995 3842 ductibus
1030 3795 1205 3849 tis-tis
1240 3808 1334 3843 seu
1368 3800 1433 3843 dc
1470 3806 1609 3842 nexu
1645 3795 1984 3853 litterar-um,
2022 3798 2074 3840 et
2108 3804 2299 3840 eornm
2334 3792 2750 3841 arthemon-um
2790 3795 3020 3841 ratione.
3066 3793 3073 3800 ‘

593 3978 849 4043 Litteras
887 3988 1244 4042 connectere
1277 3978 1406 4044 ausi
1448 3977 1620 4062 primi
1656 3977 1908 4053 Graeci;
1955 3976 2098 4041 inde
2133 3998 2277 4041 usus
2310 3976 2367 4041 in
2409 3979 2706 4043 Romanos
2756 3978 3149 4062 promanavit,

512 4104 621 4148 nec
666 4090 861 4148 tamen
912 4081 1143 4148 statim:
1194 4102 1451 4165 namque
1499 4102 1569 4147 ex
1611 4079 2014 4146 monumentis
2052 4102 2210 4166 quae
2242 4083 2316 4145 ad
2352 4081 2659 4146 saeculum
2706 4081 2979 4166 quintum
3015 4102 3150 4166 per-

509 4185 717 4262 tinent,
750 4184 991 4253 unicum
1025 4186 1316 4252 hactenus
1350 4186 1687 4270 exemplum
1720 4186 2014 4271 praebent
2043 4183 2336 4249 Venusini
2379 4183 2599 4249 nummi
2633 4204 2750 4248 non
2782 4183 2871 4249 illi
2904 4183 3149 4269 quidem

509 4288 667 4354 aeris
713 4289 945 4372 gravis,
986 4293 1093 4355 sed
1142 4288 1469 4364 trientarii,
1519 4287 1620 4354 ubi
1670 4288 1926 4373 legimus
1973 4292 2046 4365 Ne
2090 4295 2598 4371 monogrammate
2634 4286 2939 4372 scriptum.
2992 4285 3148 4352 Sae-

508 4392 704 4458 culum
762 4400 989 4457 sextum
1052 4414 1169 4459 non
1230 4401 1482 4475 usurpat
1540 4391 1657 4456 nisi
1705 4391 1764 4454 in
1815 4390 2072 4456 nummis
2131 4389 2323 4464 cusis,
2376 4398 2440 4455 ut
2488 4397 2780 4477 appareat
2831 4389 2893 4455 id
2949 4389 3152 4476 potius

505 4496 727 4560 sactum
775 4494 892 4561 loci
938 4495 1236 4579 angustia.
1286 4498 1351 4561 ln
1399 4494 1709 4582 lapidibus
1746 4493 2001 4581 primum
2043 4493 2383 4580 exemplum
2416 4493 2708 4579 praebent
2737 4492 2996 4559 vertices
3030 4500 3151 4560 ter-

506 4596 806 4668 minorum
843 4598 1060 4666 aetatis
1099 4597 1514 4679 Gracchanae,
1553 4620 1609 4667 a.
1645 4621 1706 4664 u.
1748 4602 1890 4676 624,
1927 4597 1989 4662 in
2025 4601 2127 4678 Ns,
2155 4603 2309 4678 w‘l',
2346 4595 2587 4675 deinde,
2626 4595 2910 4681 angustia
2945 4595 3154 4682 spatii,
