3440 5114
430 298 489 345 IV

531 404 918 492 Materiam
957 408 1200 513 operis
1239 394 1342 491 ita
1377 409 1798 517 generatim
1838 409 2152 513 partitus
2191 437 2386 507 sum,
2434 421 2518 491 ut
2563 409 3173 492 numismaticam

429 544 474 606 a
509 527 820 631 reliquis
875 527 1490 632 inscriptionibus
1545 528 2046 635 seiungerem.
2086 527 2339 625 Nolui,
2376 542 2464 608 ut
2499 542 2673 608 ante
2711 529 2992 609 factum
3034 540 3172 626 est,

430 674 923 728 nummorum
995 644 1491 728 litteraturam
1572 661 1797 751 atque
1879 647 2496 752 orthographiam
2570 676 2745 727 cum
2825 648 3169 728 omnium

426 793 791 874 generum
846 767 1084 848 titulis
1136 768 1610 871 permiscere.
1677 768 1931 849 Utitur
2001 767 2207 849 enim
2279 767 2814 848 numismatica
2880 766 3175 872 legibus

425 886 608 983 suiS‚
663 915 836 968 suas
892 886 1126 966 habet
1176 886 1461 967 litteras
1517 887 1962 992 singulareS‚
2021 915 2257 968 nexus
2311 915 2511 983 suOS,
2570 886 2915 989 symbola
2970 913 3174 989 prae-

422 1018 654 1103 terea,
709 1006 974 1110 sigilla,
1026 1006 1471 1113 anaglypha,
1532 1005 1808 1109 quibus
1861 1006 2142 1111 passim
2199 1007 2394 1087 tituli
2451 1018 2729 1085 carent.

525 1127 704 1206 Pars
773 1125 1002 1231 igitur
1063 1125 1310 1228 prima
1376 1137 1490 1206 est
1556 1125 2127 1219 numismatica3
2186 1126 2524 1206 secundo
2597 1125 2762 1206 loco
2833 1137 2949 1206 est
3002 1152 3170 1228 pars

421 1244 917 1350 epigraphica.
973 1245 1484 1324 Nummorum
1539 1257 1752 1347 typos
1806 1244 2203 1325 emendavi
2258 1243 2535 1347 passim
2590 1244 2914 1347 auxique
2954 1245 3168 1324 novis

417 1390 506 1442 ex
545 1363 830 1444 museis
868 1361 1186 1467 publicis
1221 1364 1702 1467 privatisque,
1745 1391 1914 1443 mea
1951 1364 2182 1444 etiam
2214 1364 2576 1470 singulari
2616 1363 2890 1444 horum
2930 1364 3166 1468 copia3

420 1483 647 1587 idque
702 1510 825 1563 me
879 1493 1370 1564 consecutum
1427 1482 1726 1564 confido
1782 1495 1866 1562 ut
1921 1510 2146 1563 nemo
2202 1483 2279 1563 in
2338 1483 2481 1564 hac
2534 1496 2742 1588 parte
2807 1483 3166 1586 prodierit

419 1603 872 1683 instructior.
943 1603 1455 1702 Nummorum
1530 1601 2028 1696 familiarum,
2100 1629 2421 1704 quorum
2489 1602 3031 1707 descriptiones
3087 1602 3165 1683 in

423 1748 648 1825 opere
683 1721 1317 1817 mommseniano‚
1357 1720 1885 1824 inscriptiones
1923 1721 2150 1800 etiam
2192 1721 2269 1802 in
2299 1720 2787 1802 ritscheliano
2815 1722 3166 1828 omissae,

419 1841 834 1922 editionem
889 1841 1016 1922 hic
1069 1842 1304 1923 habes
1359 1843 1453 1921 ad
1507 1840 2018 1922 blacasianam
2087 1841 2610 1931 distributam,
2666 1853 2925 1921 tamen
2978 1869 3168 1944 per-

416 1960 724 2041 mutatis
780 1960 1171 2041 nonnullis
1225 1970 1598 2063 quantum
1636 1987 1726 2039 ex
1762 1959 2091 2041 ricciano
2147 1959 2502 2040 thesauro
2547 1986 2589 2037 a
2628 1986 2752 2038 me
2790 1958 3162 2062 descripto

419 2079 841 2185 intelligere
896 2080 1159 2183 datum
1217 2091 1348 2160 est

515 2197 603 2278 In
659 2197 897 2279 titulis
951 2198 1227 2302 quibus
1282 2225 1402 2278 res
1458 2198 1938 2305 epigraphica
2011 2198 2444 2278 continetur
2496 2224 2649 2278 non
2704 2197 2848 2311 fuit
2908 2199 3163 2280 minor

418 2345 596 2397 cura
651 2317 1090 2398 adhibenda
1144 2330 1219 2398 et
1273 2318 1464 2398 fides
1518 2334 1603 2398 ut
1657 2317 1873 2419 plena
1927 2344 2186 2397 eorum
2244 2318 2455 2420 copia
2510 2320 2731 2414 esset,
2790 2332 2865 2396 et
2908 2345 3164 2398 emen-

413 2437 608 2531 data,
647 2436 848 2539 quod
886 2462 1024 2541 ego
1079 2437 1387 2539 quidem
1442 2435 1801 2539 praestiti,
1858 2435 2102 2542 longis
2155 2462 2289 2539 per
2339 2436 2590 2537 plures
2645 2463 2884 2515 annos
2940 2436 3158 2516 itine-

409 2556 619 2637 ribus
685 2584 816 2659 per
885 2555 1181 2637 Italiam
1264 2568 1713 2660 exterasque·
1772 2555 2117 2662 regiones
2191 2555 2340 2634 iam
2407 2555 2762 2659 peractiS,
2833 2554 3159 2659 plurima

411 2674 803 2756 titulorum
858 2686 1066 2779 parte
1105 2675 1495 2779 descripta.
1552 2675 1862 2756 Latinas
1900 2701 2078 2778 opes
2115 2674 2285 2754 auxi
2327 2675 2636 2755 adiectis
2693 2675 2784 2755 iis
2828 2701 3152 2779 quorum

410 2793 773 2875 dialectus
826 2794 890 2875 si
946 2794 1202 2875 minus
1259 2795 1701 2891 litteratura,
1761 2805 1961 2874 esset
2010 2793 2264 2874 latina.

509 2914 597 2992 In
669 2912 1062 2993 titulorum
1137 2912 1668 2995 distributione
1737 2926 1888 2993 tres
1953 2913 2395 3016 praesertim
2470 2912 2745 2993 classes
2814 2914 3152 3009 institui,

403 3059 725 3135 quarum
781 3033 1028 3134 prima
1101 3044 1215 3112 est
1280 3060 1584 3130 eorum,
1657 3032 1786 3135 qui
1862 3045 2162 3135 propter
2228 3032 2782 3138 grammaticas
2826 3032 3155 3114 rationes

398 3150 790 3231 saeculum
863 3152 969 3231 rei
1044 3151 1388 3254 publicae
1444 3150 1857 3254 septimum
1915 3179 2064 3229 non
2122 3151 2532 3246 excedunt,
2589 3178 2718 3229 eos
2780 3177 2954 3230 vero
3010 3153 3140 3255 qui

403 3268 791 3350 saeculum
831 3270 1241 3372 septimum
1282 3272 1614 3374 produnt
1651 3269 1732 3349 in
1774 3269 2074 3349 tertiam
2115 3269 2436 3350 classem
2476 3270 2784 3349 conieci.
2821 3269 3149 3350 Mediam

395 3388 745 3468 obtinent
798 3387 1117 3468 classem
1176 3388 1373 3468 tituli
1432 3389 1696 3470 aetatis
1755 3401 2026 3469 certae.

498 3507 1037 3587 Adolescentes
1094 3506 1239 3599 hic,
1294 3535 1618 3610 quorum
1676 3507 2073 3611 praecipue
2113 3506 2535 3587 commodis
2592 3507 2943 3604 inservi0‚
2983 3535 3146 3586 mo-

401 3626 694 3708 nendos
750 3654 1048 3721 cense0,
1103 3654 1197 3706 ne
1252 3627 1513 3707 titulos
1570 3627 1699 3730 qui
1756 3627 1976 3707 tertio
2032 3626 2196 3707 loco
2250 3627 2668 3707 afferuntur
2704 3653 2970 3707 omnes
3010 3654 3145 3705 ne-

397 3746 720 3825 cessario
775 3756 1042 3849 putent
1098 3746 1293 3826 intra
1349 3744 1629 3825 saeculi
1686 3745 1989 3848 septimi
2045 3744 2237 3825 fines
2310 3772 2474 3826 esse
2542 3745 3137 3826 concludendos:

399 3890 539 3943 nec
635 3864 842 3944 enim
940 3862 1243 3943 definiri
1343 3863 1760 3944 identidem
1853 3873 2096 3965 potest
2187 3875 2518 3944 extrema
2608 3864 2715 3943 rei
2795 3862 3175 3967 publicae,

393 3994 732 4084 tempora
787 3982 1184 4088 attingant,
1236 4010 1331 4063 an
1388 3982 1482 4062 ad
1540 3983 1880 4063 medium
1937 3982 2545 4084 fere-saeculum
2603 3993 2952 4062 octavum
3000 4008 3144 4062 ex-

394 4115 742 4197 currant,
807 4102 1109 4205 quando
1163 4101 1430 4182 eadem
1487 4101 1988 4183 formularum
2057 4102 2414 4183 severitas
2468 4111 2544 4180 et
2606 4100 3140 4206 orthographia

394 4232 600 4301 extra
667 4221 936 4301 urbem
1005 4221 1446 4325 praesertim
1516 4233 1805 4303 servata
1871 4232 2192 4325 apparet.
2273 4223 2532 4324 Itaque
2587 4247 2674 4299 ea
2747 4219 2841 4299 de
2913 4247 3138 4300 causa

392 4339 766 4443 quaedam
839 4340 935 4420 ad
1001 4340 1331 4444 speciem
1403 4340 1681 4422 adduxi
1739 4340 2084 4445 exempla
2139 4366 2330 4443 quae
2395 4338 2914 4443 imprudentes
2970 4365 3135 4417 mo-

390 4473 683 4540 nerent.
739 4460 828 4540 In
884 4487 1184 4541 summa
1238 4488 1390 4541 non
1445 4460 1614 4566 lege
1669 4459 1920 4564 aliqua
1973 4459 2124 4542 lata
2180 4459 2463 4540 factum
2518 4469 2653 4557 est,
2708 4469 2785 4537 at
2821 4483 3136 4538 consue·

388 4578 651 4662 tudine
689 4593 774 4661 ut
809 4569 1136 4662 vetustas
1169 4580 1538 4685 paulatim
1577 4580 2108 4662 obliteraretur
2141 4580 2220 4660 in
2258 4577 2660 4661 scribendo
2695 4605 2740 4660 a
2763 4576 3129 4683 pluribus
