3440 5114
450 234 549 292 208

423 376 544 421 non
591 359 829 422 noverit
873 356 986 422 nisi
1034 357 1185 423 heic.
1232 359 1439 424 Manet
1483 359 1679 444 prima
1725 358 1908 437 ratio,
1947 359 2278 424 secundam
2310 355 2643 421 Ritschclio
2677 374 2795 419 non
2827 355 3074 420 obstare

422 460 624 546 palam
671 470 794 537 est,
841 480 979 527 cum
1025 461 1076 524 is
1121 462 1263 525 olim
1309 460 1696 547 proposuerit
1740 482 1793 525 a.
1838 467 1999 526 4852
2044 463 2103 524 in
2153 460 2279 525 lnd.
2320 459 2522 525 Schol.
2559 480 2617 545 p.
2655 478 2752 523 xvi
2796 456 2936 522 heic
2983 459 3072 533 ei,

424 571 491 628 ut
530 561 588 627 ei
632 564 978 628 interiectio
1023 571 1188 628 esset
1230 564 1525 628 dolentis:
1573 564 1740 648 quod
1778 584 1917 630 cum
1953 565 2196 629 tandem
2231 562 2507 627 Momms.
2545 560 3075 627 animadvertisset

426 669 486 730 in
534 666 674 731 add.
722 672 782 730 et
825 686 977 731 corr.
1023 687 1081 752 p.
1132 669 1294 743 562,
1352 673 1527 731 acute
1588 667 1990 750 excogitatum
2051 675 2112 731 et
2163 667 2420 731 sortasse
2465 684 2677 730 verum
2722 684 2861 730 esse
2909 661 3077 729 affir-

262 823 269 832 .
368 837 371 842 ,
423 771 630 835 mavit.
674 771 906 834 Versus
954 770 1043 834 sic
1089 769 1383 853 leguntur
1427 790 1462 835 a
1508 768 1876 835 Ritschelio:

892 873 1264 956 Protogenes
1310 872 1511 938 Clouli
1555 874 1800 938 suaveis
1846 873 1981 937 heic
2027 873 2081 936 ei
2128 874 2306 936 situst
2351 870 2569 935 mimus

979 975 1303 1041 Plouruma
1347 976 1487 1060 quei
1532 977 1679 1041 fecit
1724 976 1949 1061 populo
1995 978 2195 1040 soveis
2241 973 2465 1060 gaudia
2509 972 2747 1056 nugeis.

430 1176 572 1238 847.
621 1207 696 1216 -
739 1174 930 1239 Teate
973 1173 1379 1240 Marrucciuo.

646 1365 693 1429 V
723 1393 736 1406 ·
765 1364 991 1432 Attus
1022 1386 1037 1403 ·
1069 1361 1106 1427 l‘
1534 1356 1770 1423 Prodiit
1811 1356 1874 1423 in
1920 1358 2172 1444 Ephem.
2221 1357 2418 1422 Instit.
2464 1377 2518 1422 a.
2571 1360 2731 1421 ⁴847
2778 1378 2836 1443 p.
2886 1361 3025 1422 ⁴54.

644 1465 1191 1533 §mimus-M

1468 1730 1640 1783 stenae
1675 1736 2038 1782 Pin-ream.

515 1951 750 2019 Titulos
806 1955 1197 2039 pisaurenses
1254 1959 1514 2018 aetatem
1569 1953 1732 2018 bello
1788 1951 2177 2019 hannibalico
2224 1953 2313 2019 vel
2361 1953 2726 2046 anteriorem
2772 1951 2872 2019 vel
2917 1962 3084 2019 certe

434 2075 762 2141 supparem
810 2058 973 2122 clare
1018 2075 1302 2138 arguere,
1348 2058 1435 2122 ait
1479 2055 1773 2132 Momms„
1819 2075 2018 2142 neque
2064 2075 2264 2121 rerum
2311 2058 2663 2121 memoriam
2707 2055 3082 2142 permittere,

435 2166 501 2222 ut
541 2166 679 2224 ante
725 2160 1039 2224 saeculum
1085 2160 1363 2243 quintum
1413 2167 1752 2224 extremum
1797 2156 2173 2224 reiiciantur.
2217 2158 2330 2222 Vix
2375 2167 2574 2224 recte:
2623 2177 2760 2224 nam
2798 2180 2947 2225 usus
2985 2161 3084 2224 lit-

436 2269 605 2328 terae
649 2264 669 2323 l
712 2261 1046 2348 quadratae
1093 2269 1153 2325 et
1196 2269 1413 2326 acutae
1460 2259 2011 2345 declinationisque
2045 2262 2108 2325 in
2145 2283 2177 2324 ο
2215 2269 2276 2325 et
2311 2284 2350 2324 ιι
2386 2261 2583 2343 magis
2618 2261 2880 2327 suadent
2922 2262 3081 2328 haec

439 2372 831 2430 monumenta
873 2364 1188 2431 saeculum
1235 2371 1467 2429 sextum
1516 2384 1630 2429 non
1677 2365 2062 2429 antecedere.

439 2573 581 2635 848.
629 2571 702 2654 (=
731 2572 868 2647 ⁴67,
914 2569 1140 2645 XLIIl,
1191 2569 1283 2653 6).
1329 2609 1404 2618 —
1450 2568 1647 2654 Prope
1693 2569 2012 2635 Pisaurum
2056 2567 2120 2632 in
2165 2568 2323 2634 luco.

649 2762 1015 2837 ADOLEN
1420 2756 1510 2819 Ex
1554 2764 1720 2820 recto
1781 2756 1975 2842 Apolo
2036 2755 2311 2822 declinat
2353 2757 2690 2844 antiquitas
2733 2756 3082 2841 Apolones,

997 2848 1062 2910 Ἐ
1322 2859 1627 2943 Apolone,
1673 2859 1769 2923 vel
1817 2867 1884 2924 ut
1927 2858 2025 2923 hic
2070 2858 2390 2946 Apolenei.

438 3070 578 3131 849.
626 3068 863 3151 (2468,
908 3065 1120 3144 XLIV,
1168 3068 1255 3151 l).
1301 3109 1378 3119 --
1418 3064 1658 3132 Pisauri
1704 3064 1767 3129 iu
1812 3065 1970 3129 luco.

651 3260 949 3327 <ut-Nm
1458 3253 1701 3328 Cesula,
1743 3269 2112 3338 praenomen
2153 3251 2468 3327 muliebre,
2505 3271 2616 3337 pro
2647 3251 2910 3317 Caesula
2938 3253 3085 3316 scri-

648 3361 928 3433 murm
1380 3357 1530 3421 bunt
1586 3354 1771 3419 etiam
1828 3354 2094 3430 Falisci,
2149 3352 2349 3419 Diane
2404 3353 2613 3419 rustici
2670 3374 2781 3440 pro
2822 3353 3079 3420 Dianae.

655 3468 893 3536 DONV
1385 3460 1579 3542 Lege:
1627 3457 1855 3523 Cesula
1897 3456 2081 3522 Atilia
2124 3457 2348 3522 donum
2394 3458 2501 3522 dat
2538 3456 2794 3527 Dianae.

656 3570 820 3638 ΟΛΤ
874 3570 1129 3637 ῠΙΛΝΙΙ

439 3773 580 3833 850.
630 3769 701 3852 (=
731 3772 869 3843 ⁴69,
914 3765 1148 3841 XLlll,
1193 3767 1278 3849 n).
1323 3804 1400 3815 —
1444 3763 1681 3830 Pisauri
1716 3766 1789 3863 in
1837 3764 1996 3830 luco.

651 3956 1113 4130 gssxossgsslo
1453 4056 1646 4139 Lege:
1693 4054 1977 4121 Feroniai
2026 4053 2256 4120 Statios
2299 4053 2507 4119 Tetios
2552 4053 2757 4119 dedet.

657 4163 855 4233 DEDE

443 4370 586 4432 854.
638 4367 712 4451 (=
740 4365 878 4443 ⁴70,
925 4363 1138 4441 XLIV,
1183 4364 1291 4447 m).
1335 4404 1410 4413 —-
1455 4362 1708 4428 Ibidem.

1673 4557 1847 4623 ΡΙΟΕ
