3440 5114
994 1445 2204 1586 PRAEFATIO

331 2313 531 2395 Olim
562 2340 746 2393 cum
783 2313 876 2393 de
912 2311 1487 2417 palaeographia
1516 2322 1591 2391 et
1618 2310 2157 2418 orthographia
2194 2323 2532 2391 veterum
2571 2310 2978 2391 latinorum

236 2431 309 2512 iu
357 2431 777 2515 Academia
829 2458 1145 2512 romana
1195 2431 1568 2534 quaedam
1626 2432 1706 2510 in
1761 2429 2156 2511 Ritschelii
2222 2456 2551 2510 canones
2608 2430 2701 2510 de
2757 2457 2846 2509 ea
2899 2457 2981 2508 re

233 2581 465 2656 nuper
518 2552 767 2633 editos
818 2550 1372 2648 disseruissem‚
1429 2549 2383 2654 comprobassentque-qui
2439 2550 2757 2630 aderant
2793 2549 2980 2631 socii

236 2670 682 2770 doctissimi,
738 2698 1003 2752 eorum
1058 2671 1444 2752 voluntate
1500 2682 1575 2751 et
1627 2671 1987 2776 suffragio
2043 2671 2324 2749 factum
2372 2681 2507 2765 est,
2547 2682 2634 2749 ut
2671 2669 2765 2749 de
2803 2697 2984 2749 con-

236 2791 564 2872 ficienda
634 2790 937 2896 Sylloge
1004 2789 1583 2894 inscriptionum
1653 2789 2103 2896 cogitarem,
2175 2816 2404 2891 quam
2474 2788 2986 2894 grammaticis

235 2909 685 2993 instructam
723 2909 1278 3015 prolegomenis
1316 2910 1620 2989 ederem
1664 2909 1742 2989 in
1784 2909 2036 2988 lucem
2075 2910 2153 2989 in
2194 2936 2459 2990 eorum
2489 2909 2985 2989 commodum

232 3030 677 3136 praesertim
748 3029 878 3133 qui
943 3029 1313 3110 librorum
1379 3029 1828 3110 idoneorum
1885 3030 2138 3133 inopia
2193 3028 2288 3110 ab
2345 3028 2467 3109 his
2533 3027 2803 3110 studiis
2859 3055 2984 3107 ar-

235 3150 630 3232 cebantur.

328 3270 603 3374 Itaque
656 3270 718 3349 si
771 3269 900 3372 qui
955 3280 1179 3350 erunt
1210 3268 1338 3371 qui
1376 3269 1524 3349 hoc
1559 3295 1782 3371 opere
1820 3269 1935 3349 uti
1970 3269 2249 3365 volent,
2289 3295 2417 3348 eos
2453 3266 2648 3348 scire
2682 3292 2989 3347 necesse

235 3401 345 3468 est
378 3388 705 3469 latinam
746 3415 906 3468 rem
946 3387 1503 3493 epigraphicam
1542 3388 1771 3468 modo
1810 3387 1891 3470 in
1929 3388 2115 3468 duas
2151 3398 2399 3491 partes
2438 3412 2603 3466 esse
2644 3384 2988 3480 divisam,

234 3537 560 3611 quarum
620 3507 852 3588 altera
906 3535 996 3587 ea
1049 3519 1385 3609 tempora
1437 3506 1984 3610 complectitur,
2026 3533 2220 3611 quae
2259 3516 2438 3586 sunt
2473 3505 2581 3584 rei
2619 3503 2996 3606 publicae,

235 3627 469 3709 altera
522 3653 722 3732 quae
775 3625 1110 3732 imperii:
1168 3625 1294 3706 hic
1346 3653 1522 3707 vero
1577 3654 1716 3732 ego
1772 3624 2092 3728 primam
2142 3624 2588 3706 tradendam
2629 3622 2993 3725 suspici03

234 3747 556 3847 alteram
614 3745 803 3827 alius
857 3745 1202 3850 pluresve
1256 3744 1661 3848 aliquando
1717 3744 2172 3826 tractabunt.

329 3867 893 3973 Prolegomena
942 3864 1459 3970 grammatica,
1515 3892 1840 3968 quorum
1897 3891 2120 3944 causa
2176 3891 2363 3968 opus
2402 3861 2697 3963 suscepi
2737 3862 2996 3942 statim

234 3985 454 4066 initio
513 3983 811 4066 addidi:
866 3995 945 4088 et
994 3983 1357 4088 quoniam
1410 3983 1940 4086 inscriptiones
1979 3981 2393 4063 nonnullae
2443 3979 2997 4083 antiquissimis

233 4105 586 4187 versibus
651 4103 1008 4186 saturniis
1075 4101 1462 4201 constant,
1522 4102 1844 4184 disserui
1908 4102 2004 4183 de
2072 4101 2402 4207 legibuS,
2457 4100 2737 4204 quibus
2810 4097 2994 4179 olim

232 4223 737 4306 vetustissimi
790 4222 868 4304 in
920 4222 1071 4304 hoc
1120 4222 1545 4303 carminum
1614 4247 1893 4328 genere
1959 4221 2079 4301 usi
2149 4230 2351 4300 sunt.
2406 4219 2516 4299 De
2571 4218 2997 4298 litterarum

235 4353 811 4447 properatarum
867 4353 1135 4424 natura
1187 4352 1263 4421 et
1316 4340 1578 4423 formis
1633 4340 1866 4422 etiam
1905 4339 2382 4422 tractandum
2426 4336 2745 4440 suscepi,
2782 4361 2999 4440 prop-

232 4474 447 4544 terea
532 4459 711 4564 quia
783 4461 1312 4566 inscriptiones
1388 4460 1822 4542 afferendae
1909 4459 2288 4563 quaedam
2377 4468 2597 4538 erant
2683 4452 2994 4560 graphio

230 4582 567 4686 scriptae
637 4579 1054 4685 litterisque
1116 4580 1280 4663 eius
1345 4580 1647 4685 generis
1702 4606 1888 4684 quas
1942 4585 2305 4660 cursim-s
2360 4577 2582 4682 vulgo
2652 4572 3002 4655 dicimus.
