3440 5114
2883 275 2967 334 171

358 405 552 485 filius,
601 408 668 473 C.
716 407 984 472 Salvena
1028 402 1221 471 Voltai
1271 403 1459 483 filius,
1509 424 1762 490 quorum
1810 400 2064 468 alterum
2113 422 2279 466 more
2324 398 2706 476 Latinorum,
2754 401 3003 465 alterum

359 517 603 574 etrusca
645 509 839 574 forma
885 509 1246 575 declinatur
1311 507 1493 573 Volta
1537 527 1907 594 praenomen
1957 504 2150 591 patris
2198 504 2263 569 C
2310 504 2610 570 Salvenac
2657 522 2767 637 pro
2811 502 3011 569 Voltio

362 619 479 684 est,
529 613 695 697 quod
740 611 992 696 saepius
1039 614 1303 676 occurrit
1347 612 1407 675 in
1453 610 1644 675 titulis
1690 611 1937 674 faliscis

365 822 502 879 559.
572 854 653 864 -—-
725 818 973 882 Lamina
1037 836 1229 882 aenea
1289 816 1545 879 Faleriis
1593 817 1649 878 in
1701 815 2032 898 municipio
2090 820 2372 895 reperta,
2423 831 2583 875 nunc
2633 812 2690 873 in
2739 828 3013 873 museum

659 917 1128 984 Kircherianum
1179 918 1293 1004 per'
1331 939 1424 983 me
1476 919 1657 981 illata.

1139 1179 1445 1253 vmfls
1651 1178 2199 1252 ·flv513m3m

1044 1283 1137 1349 Ξο
1165 1306 1185 1362 .‘
1214 1282 1523 1349 00²c35l‘t
1560 1305 1575 1320 ·
1607 1288 1663 1353 Φ
1693 1310 1708 1326 ·
1740 1280 1833 1353 §N
1868 1304 1882 1319 ·
1910 1278 2242 1354 §mium
2276 1303 2289 1317 ·
2318 1282 2413 1353 Hx

857 1387 1235 1451 mwoov
1311 1384 1880 1460 ·05{t†v}3†m3s
1926 1406 1941 1421 ·
1980 1382 2379 1456 ovfflmss

955 1488 1244 1555 03²c>351
1286 1518 1300 1533 ·
1338 1488 1553 1561 Vd'ssfl
1597 1485 1983 1561 ·O(Wlfltl)
2063 1509 2077 1524 ·
2113 1485 2372 1553 *3030

1380 1628 1389 1638 ·
1881 1587 2379 1660 WV†‘'tH)VlV)

452 1840 706 1904 Duabus
745 1838 1013 1904 dimidiis
1050 1839 1324 1923 partibus
1365 1846 1604 1905 constat
1638 1840 1789 1903 haec
1831 1841 2081 1913 lamina,
2121 1858 2376 1922 quarum
2409 1839 2604 1922 prima
2634 1838 2842 1901 decem
2876 1837 3014 1900 totis

369 1943 547 2007 annis
593 1949 733 2007 ante
779 1943 1033 2007 alteram
1083 1950 1321 2031 reperta
1368 1951 1488 2013 est,
1538 1949 1722 2026 atque
1770 1961 1929 2005 anuo
1971 1945 2132 2004 ⁴860
2173 1941 2338 2004 edita
2377 1961 2412 2005 a
2449 1959 2543 2004 me
2582 1947 2674 2005 est
2710 1936 3013 2002 in'Annat.

367 2045 560 2109 lnstit.
608 2046 844 2110 boruss.
891 2065 1242 2131 quanquam
1290 2064 1399 2109 sex
1447 2047 1569 2108 fere
1616 2045 1927 2110 mensibus
1972 2050 2151 2108 antea
2198 2043 2399 2107 furtim
2446 2042 2523 2106 ab
2571 2041 2858 2106 Henzeno
2919 2043 3014 2106 cui

367 2148 668 2212 edendam
714 2147 1175 2222 commiseram,
1224 2145 1343 2210 fide
1389 2148 1666 2231 prodita,
1712 2147 1792 2211 ad
1837 2146 2297 2211 Mommsenium
2345 2144 2530 2209 missa
2574 2151 2698 2222 est,
2747 2143 2850 2229 qui
2897 2164 3010 2229 pu-

367 2250 630 2315 blicavit.
677 2250 980 2333 Integram
1026 2250 1436 2336 epigraphen,
1483 2256 1654 2334 parte
1700 2269 1917 2335 nempe
1965 2250 2153 2313 altera
2189 2248 2440 2313 dimidia
2469 2249 2730 2319 inventa,
2764 2247 2924 2311 edidi
2953 2247 3017 2310 in

368 2354 798 2418 dissertatione
843 2374 1025 2439 quam
1073 2356 1130 2417 in
1176 2352 1476 2435 anglicam
1523 2354 1790 2436 linguam
1837 2372 2072 2417 versam
2120 2350 2312 2416 habes
2343 2353 2399 2416 in
2433 2352 2597 2415 Actis
2630 2350 2792 2415 Socii
2827 2348 3014 2433 antiq.

371 2455 745 2522 Londinens.
779 2457 1000 2523 lterum
1036 2477 1177 2521 vero
1210 2457 1284 2520 de
1317 2476 1390 2520 ea
1422 2457 1681 2520 disserui
1715 2455 1777 2520 in
1809 2456 2139 2522 Academia
2168 2453 2487 2519 Pontificia
2522 2455 2718 2537 (Diss.
2750 2454 2841 2517 sui
2873 2452 3018 2518 Can.

373 2562 565 2645 epigr.
601 2562 660 2625 di
695 2561 737 2623 F
745 2562 836 2624 ed.
867 2561 1129 2642 Bitschl)
1179 2567 1244 2623 et
1281 2562 1341 2624 in
1390 2560 1592 2624 tabula
1640 2557 2005 2625 delineatam
2039 2557 2196 2624 dedi.
2237 2559 2558 2623 Fabrettus
2594 2556 2827 2641 (Primo
2860 2555 3018 2640 Sup-

376 2665 681 2749 plemento
718 2665 837 2729 alla
872 2683 1027 2728 racc.
1068 2664 1227 2727 delle
1266 2664 1387 2728 iscr
1443 2672 1552 2728 etr.
1591 2668 1751 2726 4872
1789 2684 1848 2746 p.
1889 2664 2045 2747 113)
2095 2683 2209 2727 non
2256 2683 2331 2727 ex
2376 2681 2511 2743 mea
2553 2661 2818 2726 editione
2863 2678 3017 2743 quae

371 2764 487 2831 sihi
532 2769 848 2834 not-issima
888 2788 1020 2832 esse
1060 2766 1299 2834 debuit.
1338 2767 1617 2851 protulit,
1656 2767 1761 2829 sed
1801 2786 1873 2830 cx
1912 2786 2062 2830 novo
2101 2773 2336 2850 ectypo,
2371 2784 2548 2849 quem
2583 2761 3021 2829 conficiendum

373 2869 490 2933 sibi
538 2878 859 2934 curaverat
907 2889 1024 2954 ope
1071 2867 1366 2953 praefecti
1414 2866 1607 2931 musei
1658 2866 2071 2943 Kircheriani,
2119 2870 2248 2951 ipso
2292 2872 2703 2946 monumento,
2750 2873 2809 2930 ut
2856 2873 3021 2950 puto,

370 2975 665 3056 inspecto.
710 2977 783 3036 At
827 2972 923 3036 hic
975 2992 1168 3036 novus
1215 2979 1467 3057 ectypus
1513 2970 1909 3042 chartaceus,
1957 2964 2134 3055 q‘uem
2162 2968 2469 3055 praebuit
2500 2968 2852 3045 FabrcttuS,
2883 2987 3019 3053 gra-

375 3077 619 3141 vissimo
665 3076 852 3140 errori
903 3094 1150 3140 causam
1198 3075 1401 3152 dedit3
1450 3075 1742 3138 omissum
1790 3074 1946 3137 enim
1994 3079 2085 3136 est
2127 3073 2537 3158 praenominis
2585 3071 2850 3138 Cotenae
2898 3071 3022 3135 ele-

371 3186 670 3252 mentum.
718 3177 894 3242 cuius
938 3176 1194 3242 inferior
1236 3195 1379 3262 pars
1416 3184 1580 3241 extat
1615 3175 1677 3239 in
1717 3176 1941 3241 lamina
1978 3175 2476 3240 luculentissima.
2517 3175 2728 3259 ltaque
2766 3194 2874 3261 pro
2912 3179 3013 3253 §N

368 3283 559 3346 edidit
606 3286 694 3359 fl,
743 3287 802 3344 ct
843 3283 1272 3364 interpretatus
1319 3288 1411 3342 est
1455 3279 1662 3343 Aulus.

453 3383 518 3448 In
570 3383 726 3449 Fatis
704 3403 940 3448 ccorum
987 3383 1337 3449 litteratura
1374 3383 1524 3447 haec
1562 3403 1697 3447 esse
1731 3382 1998 3448 notanda
2040 3380 2179 3446 olim
2218 3381 2359 3446 dixi
2406 3380 2648 3445 Litteris
2679 3379 2740 3443 hi
2775 3386 3029 3443 utuntur

370 3486 588 3573 partim
639 3488 763 3552 suis
814 3489 1031 3573 partim
1078 3487 1283 3553 latinis
1331 3496 1389 3551 et
1436 3487 1714 3550 etruscis.
1784 3485 2161 3549 Faliscorum
2209 3494 2352 3548 sunt
2394 3489 2489 3563 fl,
2534 3505 2602 3558 a,
2650 3503 2828 3567 quam
2875 3501 3022 3547 con-

367 3599 605 3654 stanter
662 3591 1046 3672 distinguunt
1090 3611 1127 3654 a
1172 3591 1369 3654 littera
1416 3595 1500 3665 51,
1549 3611 1611 3666 r,
1671 3567 1845 3654 cuius
1909 3587 2070 3652 linea
2128 3607 2310 3652 curva
2365 3584 2623 3651 mediam
2671 3583 3019 3649 verticalem

372 3715 490 3757 nnn
541 3693 745 3776 tangit.
795 3692 944 3758 Cum
990 3713 1137 3758 vero
1183 3691 1541 3774 retrograda
1586 3693 1888 3776 scriptura
1934 3691 2009 3756 ad
2060 3691 2465 3754 Etruscorum
2492 3708 2721 3753 morem
2760 3695 3021 3762 utantur,
3064 3701 3075 3708 “

370 3807 570 3860 tamen
618 3797 879 3860 litteram
920 3803 955 3868 S
1002 3802 1354 3860 constanter
1398 3802 1645 3859 servant
1679 3796 1756 3858 ad
1788 3795 2059 3859 dextram
2097 3813 2354 3858 versam.
2403 3794 2690 3857 Litteram
2724 3803 2783 3869 φ
2816 3791 2947 3856 loco
2984 3800 3022 3862 Ρ

367 3899 719 3963 Latinorum
767 3898 880 3964 soli
929 3898 1240 3964 adhibent.
1283 3897 1376 3961 Ab
1407 3897 1680 3962 Etruscis
1717 3903 1963 3961 sumunt
2000 3904 2104 3974 m,
2134 3917 2218 3970 m,
2254 3916 2364 3983 pro
2402 3902 2456 3968 Μ
2497 3894 2868 3970 Latinorum,
2900 3914 3021 3979 quo

371 4009 606 4076 carent,
657 4007 735 4074 Ι,
785 4025 838 4076 z,
888 4021 996 4085 pro
1044 4008 1108 4079 S,
1159 4002 1302 4066 licet
1344 4021 1505 4076 raro,
1550 4009 1637 4077 et,
1670 4008 1739 4065 ut
1772 3999 2030 4076 videtur,
2062 4000 2196 4064 sine
2229 4001 2389 4065 iusta
2420 4018 2624 4077 causa,
2657 4004 3021 4064 mutuantur.

369 4104 645 4170 Formam
707 4105 941 4170 litterae
1003 4112 1093 4180 -1-,
1144 4115 1195 4176 ι,
1260 4105 1648 4168 Etruscorum
1695 4124 1862 4169 more
1911 4102 2243 4189 effingunt:
2306 4103 2382 4166 ab
2427 4102 2522 4166 his
2567 4103 2750 4167 etiam
2796 4098 3021 4186 duplex

370 4216 660 4294 punctum
702 4208 1015 4274 imitantur
1052 4208 1404 4293 aliquando,
1439 4208 1600 4291 quod
1633 4208 1880 4272 maioris
1911 4205 2290 4292 antiquitatis
2323 4208 2560 4287 signum
2594 4225 2742 4270 cave
2780 4224 2853 4268 ne
2890 4223 3025 4267 cum

371 4313 736 4388 Detfelseno,
777 4333 957 4396 quem
998 4308 1256 4377 refutavi
1293 4310 1354 4373 in
1390 4310 1546 4374 Diss.
1581 4310 1748 4374 arch.
1783 4309 1837 4384 1,
1869 4315 1968 4386 70,
2002 4312 2103 4385 7⁴,
2136 4315 2344 4394 putes:
2387 4308 2566 4372 iidem
2605 4306 2950 4371 Italicorum
2991 4314 3023 4376 ll

369 4435 480 4499 pro
523 4421 563 4486 Ε
603 4423 900 4499 usurpant
935 4416 1300 4500 promiscue.
1341 4412 1795 4498 orthographia
1827 4411 2008 4477 huius
2039 4409 2201 4476 tituli
2234 4411 2309 4475 ad
2343 4430 2506 4488 eam,
2541 4429 2664 4495 qua
2693 4417 2860 4475 sexto
2891 4428 3024 4473 sae-

368 4519 507 4583 culo
544 4516 738 4583 Latini
782 4519 877 4582 usi
916 4525 1085 4594 sunt,
1126 4515 1417 4602 pertinet:
1458 4516 1634 4580 cuius
1673 4517 1734 4579 in
1776 4536 2030 4580 censum
2062 4516 2230 4582 venit
2259 4516 2439 4580 etiam
2475 4513 2718 4580 litterae
2750 4520 2786 4581 -l
2827 4514 3027 4578 media

373 4625 586 4687 forma.
639 4623 887 4687 Litteris
935 4621 1143 4685 latinis
1189 4644 1258 4704 q,
1305 4643 1375 4702 9,
1430 4625 1460 4682 b
1508 4627 1754 4685 carent:
1806 4640 1914 4705 pro
1963 4619 2186 4703 quihus
2230 4641 2260 4681 c
2294 4626 2351 4683 et
2390 4640 2428 4699 p
2463 4616 2788 4684 adhibent:
2836 4618 3026 4682 Grae—
