3440 5114
477 259 579 319 292

448 380 697 468 punctis
743 381 898 446 istis.
945 380 1270 468 Specimen
1317 381 1481 447 illius
1528 382 1771 448 tabulae
1818 401 1893 446 ex
1941 382 2131 447 t'orma
2175 396 2443 468 gypsea,
2489 401 2671 467 quam
2715 377 2863 446 mihi
2911 378 3110 446 confi-

455 486 733 550 ciendam
782 478 1158 560 curaveram,
1208 484 1370 549 edidi
1403 486 1462 548 in
1499 484 1652 549 Diss,
1688 483 1965 550 Archeol.
1997 486 2109 549 vol.
2145 485 2199 562 l,
2234 494 2345 550 tav.
2376 485 2514 549 xll.
2548 483 2717 549 Haec
2744 484 2819 549 de
2854 482 3111 549 historia

456 586 695 672 apicum
725 588 981 653 istorum
1015 584 1145 650 sive
1178 594 1573 673 punctorum:
1607 588 1681 651 de
1715 587 1936 671 quibus
1983 586 2186 653 dicere
2237 608 2352 652 non
2397 586 2593 654 habeo
2632 586 2806 652 cuius
2838 585 2926 652 rei
2963 606 3110 670 ergo

457 687 712 755 adhibiti
745 691 890 767 sint,
921 692 1279 776 praesertim
1308 692 1454 775 quia
1484 690 1636 755 infra
1671 689 1949 776 primum,
1985 710 2098 757 nec
2142 690 2302 757 ultra
2347 689 2651 756 decimum
2698 709 2963 768 versum,
2997 708 3110 755 nec

455 799 807 857 constanter
850 792 1047 874 longis
1095 802 1108 864 l
1145 793 1485 869 vocalibus,
1527 801 1588 858 et
1618 793 1765 858 solis
1800 792 1924 871 his,
1951 792 2362 877 imponantur.
2408 793 2674 859 Titutum
2708 793 3003 877 sculptum
3036 811 3111 856 ea

457 903 653 960 aetate
697 903 870 981 putat
914 894 1315 974 RitscheliuS‚
1346 915 1528 982 quam
1560 915 1706 982 prae
1736 916 1802 960 se
1836 896 1976 971 fert,
2011 896 2297 961 formulas
2327 902 2528 962 autem
2560 897 2745 961 multo
2777 895 3112 980 superioris

456 999 683 1062 aetatis.
713 1000 978 1083 speciem
1025 1004 1197 1084 putat
1242 998 1488 1063 habere.
1540 999 1814 1064 MommS.
1861 1019 1961 1083 ap.
2009 997 2298 1065 Ritschel.
2344 997 2556 1063 Enarr.
2604 999 2722 1063 tab.
2754 1019 2813 1084 p.
2846 998 2928 1062 78
2974 1017 3112 1062 cum

463 1100 766 1166 llenzenio
789 1107 850 1168 et
877 1101 1136 1166 Brunnio
1167 1102 1383 1166 litteris
1414 1121 1551 1167 esse
1581 1102 1665 1165 ait
1695 1120 1815 1165 non
1851 1102 2106 1167 vetustis
2137 1102 2243 1167 sed
2275 1102 2519 1187 optimis
2547 1098 2780 1167 saeculi
2815 1101 3113 1184 augustei.

538 1201 773 1269 Titulus
817 1207 901 1270 uti
947 1205 1254 1289 aliquibus
1300 1206 1358 1269 in
1406 1202 1559 1269 locis
1605 1225 1642 1269 a
1685 1204 2075 1290 quadratario
2131 1210 2451 1291 corruptus
2509 1212 2793 1289 apparet,
2848 1202 2938 1268 ita
2980 1200 3110 1270 fieri

460 1307 652 1390 potuit
693 1309 779 1372 uti
824 1306 1199 1391 negligentia
1241 1313 1302 1373 et
1343 1307 1724 1390 ignoratione
1770 1308 1900 1372 eius
1946 1314 2173 1392 puncta
2206 1308 2417 1392 partim
2451 1307 2678 1372 omissa
2707 1307 2926 1393 partim
2954 1306 3113 1371 male

457 1409 673 1474 alienis
716 1407 780 1473 in
841 1408 994 1474 loc-is
1059 1409 1353 1474 collocata
1414 1417 1768 1496 appareant.
1815 1446 1898 1457 —
1948 1410 2012 1474 V.
2062 1414 2131 1487 3,
2201 1415 2768 1483 CONWLATElS
2834 1409 3111 1475 Momms.

459 1512 703 1576 coniicit
746 1518 1448 1589 (ΟΜΛΛνΤΑΤΕΙς,
1491 1512 1611 1577 illis
1655 1506 1900 1595 legibus
1947 1532 2195 1597 nempe,
2229 1532 2385 1597 quae
2417 1519 2560 1578 sunt
2591 1512 2708 1578 illis
2738 1512 3109 1595 regionibus.

461 1615 536 1677 At
577 1634 696 1679 non
759 1621 1012 1699 apparet
1073 1635 1193 1699 qua
1253 1615 1330 1679 de
1392 1633 1580 1681 causa
1623 1616 1890 1701 oportuit
1933 1615 2103 1699 leges
2148 1635 2259 1701 pro
2306 1616 2490 1681 sartis
2535 1613 2712 1680 tectis
2758 1614 3111 1701 templorum

462 1715 735 1781 conditas
792 1724 1194 1796 commutare,
1245 1739 1379 1782 cum
1426 1723 1641 1783 contra
1686 1737 1783 1782 res
1846 1719 2138 1802 postulet,
2176 1725 2245 1783 ut
2299 1737 2410 1782 eae
2474 1718 2898 1782 adhibeantur.
2962 1716 3112 1781 Puto

464 1816 605 1883 olim
636 1838 745 1904 pro
792 1824 1303 1892 comannis
1348 1820 1462 1885 boc
1492 1828 1586 1885 est
1616 1818 1871 1886 conlatis
1910 1821 2223 1906 scriptum.
2259 1819 2573 1887 Duumviri
2609 1819 2846 1885 collatis
2874 1817 3114 1901 legibus

465 1923 754 1999 locorum,
802 1922 957 1986 idest
999 1920 1315 2005 regionum
1362 1923 1554 2001 aedis,
1599 1930 1666 1987 ut
1711 1943 1786 1987 ne
1826 1920 1973 1988 vitio
2018 1920 2434 2000 reficerentur,
2481 1924 2831 1989 refecerunt
2859 1929 2916 1987 et
2941 1921 3114 1987 dedi-

464 2030 772 2090 caverunt.
818 2024 1111 2109 Sequitur
1155 2044 1359 2090 rerum
1405 2024 1867 2091 reficiendarum
1928 2025 2248 2105 elenchuS,
2295 2048 2350 2090 v.
2401 2032 2458 2090 3.
2514 2050 2544 2086 «
2588 2026 2665 2090 Ut
2708 2023 2764 2090 ei
2809 2033 3114 2090 extremae

467 2128 668 2193 undae
713 2146 869 2213 quae
894 2126 1100 2213 lapide
1139 2128 1300 2193 facta
1323 2128 1621 2214 huiusque
1661 2129 1830 2193 aedis
1859 2148 2005 2211 ergo
2037 2130 2252 2212 utique
2283 2129 2361 2194 ad
2393 2148 2528 2193 eam
2553 2127 2767 2194 aedem
2797 2127 3116 2212 scalasque

464 2230 666 2316 lapide
711 2231 1104 2296 structuendo
1150 2232 1472 2297 columnae
1517 2239 1681 2296 stant
1726 2233 1877 2297 citra
1923 2232 2120 2297 scalas
2152 2232 2227 2296 ad
2260 2232 2472 2297 aedem
2505 2250 2720 2297 versus
2753 2231 3116 2316 stipitesque

469 2333 690 2397 aedis»
730 2340 843 2399 cet.
887 2334 1323 2399 Mommsenius
1371 2336 1642 2420 queritur
1677 2335 1751 2398 de
1798 2332 2098 2420 lapicidae
2143 2333 2418 2399 inscitia:
2460 2333 2650 2400 alium
2686 2326 2956 2419 *lapidem
3000 2352 3118 2398 non

468 2456 602 2501 esse
647 2434 955 2501 affirmans
984 2438 1086 2521 qui
1122 2437 1200 2501 ad
1230 2438 1485 2501 similem
1520 2437 2005 2523 corruptelarum
2038 2420 2469 2502 immanitatem
2504 2437 2811 2502 ascendat.
2857 2436 3118 2501 Damnat

467 2541 675 2626 itaque
722 2540 910 2605 verba
952 2538 1279 2606 ‘extremae
1329 2541 1528 2605 undae
1564 2540 1742 2626 quae’
1778 2548 1839 2606 et
1872 2562 1926 2605 v.
1964 2545 1997 2605 4
2030 2538 2253 2627 ‘lapide
2285 2538 2723 2620 structuendo’‚
2754 2560 2864 2627 pro
2896 2539 3119 2625 quibus

469 2645 885 2729 reponendum
933 2651 1228 2724 autumat,
1279 2651 1342 2708 ut
1387 2644 1440 2708 ei
1489 2652 1755 2709 extrema
1800 2644 2316 2729 fundamentaque
2360 2644 2567 2731 lapide
2611 2644 2768 2711 facta
2813 2643 3118 2729 boiusque

471 2749 636 2814 aedis
681 2767 848 2831 ergo,
892 2747 1151 2831 angulos
1197 2766 1417 2832 nempe
1464 2768 1772 2813 murorum
1820 2755 1881 2812 et
1928 2748 2317 2814 fundamenta
2362 2746 2534 2815 aedis
2568 2748 2786 2822 iubens
2815 2746 3114 2831 intellegi;

472 2852 692 2916 deinde
736 2850 946 2937 utique
992 2851 1068 2917 ad
1113 2869 1247 2917 eam
1294 2852 1503 2917 aedem
1552 2852 1870 2937 scalasque
1916 2853 2120 2936 lapide
2167 2859 2430 2917 structas
2476 2871 2757 2937 quaeque
2802 2851 3121 2919 columnae

473 2963 650 3031 stant,
692 2961 829 3029 cet.,
877 2975 943 3019 se
990 2955 1352 3019 sententiam
1392 2954 1591 3020 fassus
1640 2975 1752 3019 non
1801 2956 1985 3020 verba
2030 2963 2190 3020 certe
2237 2975 2373 3020 esse
2417 2962 2785 3021 assecutum.
2833 2956 2952 3019 Nos
2985 2974 3125 3038 pos-

472 3079 681 3124 sumus
727 3057 1004 3122 dubitare
1037 3057 1112 3121 de
1143 3077 1329 3121 sensu
1362 3059 1524 3122 vocis
1581 3082 1608 3118 α
1646 3065 1922 3123 extrema
1955 3085 1982 3118 n
2039 3065 2325 3143 acceptae
2358 3080 2465 3144 pro
2499 3058 2756 3142 angulis.
2801 3058 3126 3122 Praeterea

474 3159 893 3226 adhibebimus
938 3160 1136 3224 locum
1183 3159 1438 3224 Vitruvii
1488 3160 1549 3223 L.
1599 3160 1663 3229 V,
1711 3181 1765 3224 c.
1813 3165 1849 3224 7
1896 3162 2035 3226 olim
2084 3162 2310 3225 trustra
2353 3159 2776 3239 sollicitatum,
2823 3161 2925 3225 ubi
2969 3162 3126 3223 unda

475 3283 582 3347 pro
628 3260 920 3348 cymati0,
966 3262 1205 3337 κύματι,
1252 3268 1397 3339 stat,
1444 3268 1502 3325 et
1546 3259 1635 3326 sic
1671 3282 1918 3327 sensum
1954 3263 2192 3328 tabulae
2227 3264 2643 3328 instituemus:
2690 3262 2785 3325 Uti
2819 3269 3126 3326 extremae

472 3367 674 3431 undae
720 3383 877 3450 quae
921 3362 1123 3448 lapide
1171 3366 1357 3429 sactae
1402 3364 1642 3449 (sunt),
1692 3365 1901 3449 utique
1950 3366 2173 3451 (quae)
2225 3366 2302 3430 ad
2349 3385 2481 3432 eam
2541 3366 2754 3430 aedem
2802 3366 3126 3449 scalasque

476 3469 680 3553 lapide
723 3474 981 3533 structae
1023 3468 1190 3532 intus
1235 3468 1550 3532 columnae
1608 3474 1794 3532 stant:
1862 3468 1977 3533 hoc
2042 3476 2136 3532 est
2194 3467 2279 3533 uti
2345 3469 2657 3534 columnae
2719 3486 2876 3553 quae
2923 3467 3126 3552 lapide

477 3580 742 3637 structae
787 3572 862 3636 ad
910 3591 1043 3636 eam
1090 3571 1304 3636 aedem
1350 3571 1672 3655 scalasque
1718 3578 1881 3640 stant
1925 3569 2079 3636 citra
2112 3572 2311 3636 scalas
2358 3572 2516 3637 endo
2567 3570 2768 3656 (intus)
2802 3570 2880 3636 ad
2910 3572 3125 3634 aedem

478 3695 708 3740 versus·
755 3709 842 3721 —
881 3673 954 3736 V·
1001 3678 1037 3737 6
1090 3679 1386 3744 HVNWS
1453 3673 1723 3738 MommS.
1785 3676 2068 3739 emendat
2138 3680 2387 3747 HVlVS:
2458 3680 2519 3738 at
2574 3675 2843 3759 oportuit
2893 3678 3126 3745 Hotvs

480 3779 695 3843 collato
742 3796 919 3842 versu
968 3782 1036 3841 5:
1081 3777 1187 3841 sed
1236 3796 1431 3861 neque
1476 3777 1565 3840 sic
1609 3784 1803 3842 recte:
1852 3815 1933 3827 -
1977 3798 2031 3842 v.
2079 3781 2115 3840 6
2172 3797 2277 3861 pro
2345 3781 2789 3848 MANDARE
2851 3777 3126 3840 Momms.

480 3887 655 3966 putat
716 3905 745 3940 «
788 3880 1111 3945 emendare
1154 3901 1225 3943 n:
1274 3917 1352 3926 —
1400 3900 1454 3943 v.
1500 3884 1535 3944 7
1585 3880 1884 3945 excidisse
1930 3882 2015 3944 ait
2063 3879 2357 3958 Momms,
2402 3880 2596 3955 liceat,
2645 3886 2785 3943 ante
2831 3877 2919 3944 sas
2964 3887 3127 3944 esto:

477 4022 561 4032 —
602 3986 745 4047 item
789 3982 849 4047 in
898 4003 949 4047 v.
997 3987 1072 4046 to
1121 3981 1328 4057 addit,
1378 3990 1514 4066 post
1575 4002 1782 4047 vocem
1846 3984 2086 4068 piaculo
2120 4033 2134 4058 ,
2197 3983 2463 4046 vendere
2528 3982 2765 4046 locare:
2813 4016 2891 4030 —
2937 4001 2995 4045 v.
3045 3986 3124 4046 ⁴5

479 4107 591 4174 pro
636 4093 1124 4163 ΤΕΛΛΡΙΝΛΛ,
1173 4084 1256 4149 ait
1300 4085 1545 4150 labnius
1604 4087 1734 4151 vult
1787 4083 2168 4151 ‘emendum'2
2226 4084 2370 4152 ibid.
2434 4089 2915 4157 FtFfiLTARES
2977 4083 3127 4169 quid

479 4189 778 4274 significet
820 4191 1100 4273 ignorare
1147 4208 1246 4268 se,
1295 4191 1405 4268 ait;
1454 4211 1564 4273 ego
1611 4191 1728 4274 legi
1784 4196 2298 4269 EtFELTARES‚
2355 4198 2417 4253 et
2468 4196 2615 4272 puto
2670 4186 2759 4252 sic
2816 4186 3126 4251 emendari

483 4315 691 4380 posse:
738 4294 922 4378 idque
967 4295 1172 4358 veicus
1219 4293 1480 4368 FurserS,
1528 4295 1717 4358 maior
1765 4314 1922 4378 pars,
1973 4299 2417 4366 PraEsTARE‚
2464 4293 2553 4356 sei
2581 4291 2897 4355 absolvere
2928 4291 3132 4354 volent

481 4397 609 4462 sive
640 4398 1072 4473 condemnare,
1107 4397 1303 4460 liceto.
1352 4396 1581 4483 Nempe
1613 4395 1858 4462 vicanis
1894 4397 2312 4473 Furseusibus,
2351 4397 2491 4460 dum
2518 4393 2710 4461 maior
2743 4414 2949 4459 eorum
2982 4412 3127 4478 pars

479 4501 878 4576 consenserit,
925 4499 1132 4565 licebit
1172 4502 1231 4564 in
1278 4519 1342 4562 se
1389 4501 1662 4585 recipere
1712 4501 1956 4566 multam
1995 4500 2371 4576 solvendam,
2417 4498 2547 4563 sive
2578 4499 2780 4565 volent
2810 4495 3129 4562 absolvere

483 4605 709 4686 furem,
753 4603 881 4670 sive
925 4604 1358 4670 condemnare.
