<?xml version="1.0" encoding="UTF-8"?>
<!DOCTYPE html PUBLIC "-//W3C//DTD XHTML 1.0 Transitional//EN"
    "http://www.w3.org/TR/xhtml1/DTD/xhtml1-transitional.dtd">
<html xmlns="http://www.w3.org/1999/xhtml" xml:lang="en" lang="en">
 <head>
  <title>
</title>
<meta http-equiv="Content-Type" content="text/html;charset=utf-8" />
  <meta name='ocr-system' content='tesseract 3.04.00' />
  <meta name='ocr-capabilities' content='ocr_page ocr_carea ocr_par ocr_line ocrx_word'/>
</head>
<body>
  <div class='ocr_page' id='page_1' title='image "./syllogeinscript01garrgoog_0089.png"; bbox 0 0 3440 5114; ppageno 0'>
   <div class='ocr_carea' id='block_1_1' title="bbox 2841 284 2909 346">
    <p class='ocr_par' dir='ltr' id='par_1_1' title="bbox 2841 284 2909 346">
     <span class='ocr_line' id='line_1_1' title="bbox 2841 284 2909 346; baseline 0.015 -1"><span class='ocrx_word' id='word_1_1' title='bbox 2841 284 2909 346; x_wconf 75' lang='lat'>73</span> 
     </span>
    </p>
   </div>
   <div class='ocr_carea' id='block_1_2' title="bbox 360 411 2942 2461">
    <p class='ocr_par' dir='ltr' id='par_1_2' title="bbox 360 411 2942 1731">
     <span class='ocr_line' id='line_1_2' title="bbox 536 411 2936 497; baseline 0.001 -24"><span class='ocrx_word' id='word_1_2' title='bbox 536 411 854 497; x_wconf 75' lang='lat' dir='ltr'>Inscriptio</span> <span class='ocrx_word' id='word_1_3' title='bbox 899 413 961 474; x_wconf 91' lang='lat' dir='ltr'>in</span> <span class='ocrx_word' id='word_1_4' title='bbox 1007 430 1144 475; x_wconf 82' lang='lat' dir='ltr'>asse</span> <span class='ocrx_word' id='word_1_5' title='bbox 1190 419 1252 475; x_wconf 90' lang='lat' dir='ltr'>et</span> <span class='ocrx_word' id='word_1_6' title='bbox 1295 411 1642 495; x_wconf 79' lang='lat' dir='ltr'>quincunce</span> <span class='ocrx_word' id='word_1_7' title='bbox 1689 419 1954 495; x_wconf 90' lang='lat' dir='ltr'>occupat</span> <span class='ocrx_word' id='word_1_8' title='bbox 1999 412 2224 475; x_wconf 88' lang='lat' dir='ltr'>nummi</span> <span class='ocrx_word' id='word_1_9' title='bbox 2269 419 2502 496; x_wconf 89' lang='lat' dir='ltr'>partem</span> <span class='ocrx_word' id='word_1_10' title='bbox 2548 411 2836 488; x_wconf 90' lang='lat' dir='ltr'>anticam,</span> <span class='ocrx_word' id='word_1_11' title='bbox 2877 411 2936 476; x_wconf 91' lang='lat' dir='ltr'>in</span> 
     </span>
     <span class='ocr_line' id='line_1_3' title="bbox 366 512 2935 599; baseline 0 -22"><span class='ocrx_word' id='word_1_12' title='bbox 366 512 621 599; x_wconf 88' lang='lat' dir='ltr'>reliquis</span> <span class='ocrx_word' id='word_1_13' title='bbox 665 521 922 598; x_wconf 84' lang='lat' dir='ltr'>excepta</span> <span class='ocrx_word' id='word_1_14' title='bbox 966 512 1283 579; x_wconf 85' lang='lat' dir='ltr'>semuncia</span> <span class='ocrx_word' id='word_1_15' title='bbox 1329 522 1561 597; x_wconf 89' lang='lat' dir='ltr'>partem</span> <span class='ocrx_word' id='word_1_16' title='bbox 1600 514 1916 599; x_wconf 74' lang='lat' dir='ltr'>posticam.</span> <span class='ocrx_word' id='word_1_17' title='bbox 1964 513 2031 577; x_wconf 91' lang='lat' dir='ltr'>In</span> <span class='ocrx_word' id='word_1_18' title='bbox 2069 514 2383 578; x_wconf 84' lang='lat' dir='ltr'>semuncia</span> <span class='ocrx_word' id='word_1_19' title='bbox 2421 520 2468 584; x_wconf 91' lang='grc' dir='ltr'>Η</span> <span class='ocrx_word' id='word_1_20' title='bbox 2507 521 2673 578; x_wconf 85' lang='lat' dir='ltr'>tenet</span> <span class='ocrx_word' id='word_1_21' title='bbox 2706 521 2935 597; x_wconf 88' lang='lat' dir='ltr'>partem</span> 
     </span>
     <span class='ocr_line' id='line_1_4' title="bbox 372 616 2941 702; baseline 0 -22"><span class='ocrx_word' id='word_1_22' title='bbox 372 619 592 681; x_wconf 91' lang='lat' dir='ltr'>nummi</span> <span class='ocrx_word' id='word_1_23' title='bbox 639 618 994 694; x_wconf 87' lang='lat' dir='ltr'>adversam,</span> <span class='ocrx_word' id='word_1_24' title='bbox 1046 623 1096 688; x_wconf 92' lang='grc' dir='ltr'>Α</span> <span class='ocrx_word' id='word_1_25' title='bbox 1139 636 1434 682; x_wconf 87' lang='lat' dir='ltr'>aversam.</span> <span class='ocrx_word' id='word_1_26' title='bbox 1482 616 1788 681; x_wconf 86' lang='lat' dir='ltr'>Marchius</span> <span class='ocrx_word' id='word_1_27' title='bbox 1820 636 1930 702; x_wconf 90' lang='lat' dir='ltr'>pro</span> <span class='ocrx_word' id='word_1_28' title='bbox 1961 618 2274 682; x_wconf 83' lang='lat' dir='ltr'>semuncia</span> <span class='ocrx_word' id='word_1_29' title='bbox 2305 616 2747 683; x_wconf 87' lang='lat' dir='ltr'>Hadrianorum</span> <span class='ocrx_word' id='word_1_30' title='bbox 2780 616 2941 681; x_wconf 89' lang='lat' dir='ltr'>bunc</span> 
     </span>
     <span class='ocr_line' id='line_1_5' title="bbox 368 718 2941 803; baseline 0 -21"><span class='ocrx_word' id='word_1_31' title='bbox 368 738 675 783; x_wconf 89' lang='lat' dir='ltr'>nummum</span> <span class='ocrx_word' id='word_1_32' title='bbox 722 719 889 795; x_wconf 88' lang='lat' dir='ltr'>dedit</span> <span class='ocrx_word' id='word_1_33' title='bbox 933 727 1117 785; x_wconf 87' lang='lat' dir='ltr'>recte.</span> <span class='ocrx_word' id='word_1_34' title='bbox 1167 719 1565 783; x_wconf 89' lang='lat' dir='ltr'>Mommsenio</span> <span class='ocrx_word' id='word_1_35' title='bbox 1600 718 1923 784; x_wconf 87' lang='lat' dir='ltr'>hariolanti</span> <span class='ocrx_word' id='word_1_36' title='bbox 1954 719 2158 784; x_wconf 87' lang='lat' dir='ltr'>littera</span> <span class='ocrx_word' id='word_1_37' title='bbox 2198 725 2243 789; x_wconf 95' lang='grc' dir='ltr'>Η</span> <span class='ocrx_word' id='word_1_38' title='bbox 2285 719 2418 782; x_wconf 84' lang='lat' dir='ltr'>visa</span> <span class='ocrx_word' id='word_1_39' title='bbox 2453 725 2546 784; x_wconf 90' lang='lat' dir='ltr'>est</span> <span class='ocrx_word' id='word_1_40' title='bbox 2581 719 2941 803; x_wconf 82' lang='lat' dir='ltr'>explicanda</span> 
     </span>
     <span class='ocr_line' id='line_1_6' title="bbox 363 819 2942 909; baseline 0.001 -25"><span class='ocrx_word' id='word_1_41' title='bbox 363 820 759 898; x_wconf 85' lang='lat' dir='ltr'>Hemilitron,</span> <span class='ocrx_word' id='word_1_42' title='bbox 807 823 971 908; x_wconf 90' lang='lat' dir='ltr'>quod</span> <span class='ocrx_word' id='word_1_43' title='bbox 1016 821 1244 887; x_wconf 86' lang='lat' dir='ltr'>Latinis</span> <span class='ocrx_word' id='word_1_44' title='bbox 1290 841 1501 887; x_wconf 88' lang='lat' dir='ltr'>rursus</span> <span class='ocrx_word' id='word_1_45' title='bbox 1538 822 1871 886; x_wconf 89' lang='lat' dir='ltr'>indicatum</span> <span class='ocrx_word' id='word_1_46' title='bbox 1905 819 1988 885; x_wconf 91' lang='lat' dir='ltr'>ait</span> <span class='ocrx_word' id='word_1_47' title='bbox 2018 823 2173 903; x_wconf 87' lang='lat' dir='ltr'>sigla</span> <span class='ocrx_word' id='word_1_48' title='bbox 2212 828 2251 895; x_wconf 72' lang='grc' dir='ltr'>ξ</span> <span class='ocrx_word' id='word_1_49' title='bbox 2290 821 2410 886; x_wconf 90' lang='lat' dir='ltr'>illis</span> <span class='ocrx_word' id='word_1_50' title='bbox 2445 829 2606 886; x_wconf 92' lang='lat' dir='ltr'>nota.</span> <span class='ocrx_word' id='word_1_51' title='bbox 2653 823 2776 887; x_wconf 88' lang='lat' dir='ltr'>Res</span> <span class='ocrx_word' id='word_1_52' title='bbox 2805 842 2942 909; x_wconf 90' lang='lat' dir='ltr'>per-</span> 
     </span>
     <span class='ocr_line' id='line_1_7' title="bbox 363 923 2939 1011; baseline 0 -23"><span class='ocrx_word' id='word_1_53' title='bbox 363 926 519 988; x_wconf 89' lang='lat' dir='ltr'>mira</span> <span class='ocrx_word' id='word_1_54' title='bbox 556 925 723 989; x_wconf 92' lang='lat' dir='ltr'>nullo</span> <span class='ocrx_word' id='word_1_55' title='bbox 760 925 1031 990; x_wconf 89' lang='lat' dir='ltr'>firmatur</span> <span class='ocrx_word' id='word_1_56' title='bbox 1065 926 1424 1009; x_wconf 83' lang='lat' dir='ltr'>exemploin</span> <span class='ocrx_word' id='word_1_57' title='bbox 1454 928 1713 989; x_wconf 90' lang='lat' dir='ltr'>nummis</span> <span class='ocrx_word' id='word_1_58' title='bbox 1755 925 1935 989; x_wconf 78' lang='lat' dir='ltr'>liuius</span> <span class='ocrx_word' id='word_1_59' title='bbox 1967 923 2212 989; x_wconf 88' lang='lat' dir='ltr'>aetatis:</span> <span class='ocrx_word' id='word_1_60' title='bbox 2253 932 2573 1011; x_wconf 86' lang='lat' dir='ltr'>praeterea</span> <span class='ocrx_word' id='word_1_61' title='bbox 2595 923 2712 990; x_wconf 92' lang='lat' dir='ltr'>hoc</span> <span class='ocrx_word' id='word_1_62' title='bbox 2743 928 2939 1008; x_wconf 88' lang='lat' dir='ltr'>posito</span> 
     </span>
     <span class='ocr_line' id='line_1_8' title="bbox 364 1026 2942 1114; baseline 0.002 -22"><span class='ocrx_word' id='word_1_63' title='bbox 364 1028 558 1092; x_wconf 88' lang='lat' dir='ltr'>series</span> <span class='ocrx_word' id='word_1_64' title='bbox 605 1026 1051 1092; x_wconf 86' lang='lat' dir='ltr'>Hadrianorum</span> <span class='ocrx_word' id='word_1_65' title='bbox 1100 1029 1415 1092; x_wconf 80' lang='lat' dir='ltr'>semuncia</span> <span class='ocrx_word' id='word_1_66' title='bbox 1461 1029 1701 1092; x_wconf 82' lang='lat' dir='ltr'>carebit</span> <span class='ocrx_word' id='word_1_67' title='bbox 1744 1046 1869 1112; x_wconf 91' lang='lat' dir='ltr'>qua</span> <span class='ocrx_word' id='word_1_68' title='bbox 1912 1036 2114 1092; x_wconf 90' lang='lat' dir='ltr'>tamen</span> <span class='ocrx_word' id='word_1_69' title='bbox 2162 1047 2371 1093; x_wconf 88' lang='lat' dir='ltr'>carere</span> <span class='ocrx_word' id='word_1_70' title='bbox 2412 1047 2529 1092; x_wconf 91' lang='lat' dir='ltr'>non</span> <span class='ocrx_word' id='word_1_71' title='bbox 2567 1027 2790 1114; x_wconf 89' lang='lat' dir='ltr'>potuit;</span> <span class='ocrx_word' id='word_1_72' title='bbox 2837 1027 2942 1096; x_wconf 85' lang='lat' dir='ltr'>ha.-</span> 
     </span>
     <span class='ocr_line' id='line_1_9' title="bbox 363 1129 2935 1217; baseline 0.001 -23"><span class='ocrx_word' id='word_1_73' title='bbox 363 1131 508 1195; x_wconf 92' lang='lat' dir='ltr'>bent</span> <span class='ocrx_word' id='word_1_74' title='bbox 552 1131 713 1195; x_wconf 89' lang='lat' dir='ltr'>enim</span> <span class='ocrx_word' id='word_1_75' title='bbox 748 1133 1190 1217; x_wconf 88' lang='lat' dir='ltr'>transapennini</span> <span class='ocrx_word' id='word_1_76' title='bbox 1225 1150 1436 1194; x_wconf 90' lang='lat' dir='ltr'>omnes</span> <span class='ocrx_word' id='word_1_77' title='bbox 1465 1132 1916 1204; x_wconf 80' lang='lat' dir='ltr'>AriminenseS,</span> <span class='ocrx_word' id='word_1_78' title='bbox 1954 1129 2220 1206; x_wconf 75' lang='lat' dir='ltr'>Vestini,</span> <span class='ocrx_word' id='word_1_79' title='bbox 2249 1132 2590 1206; x_wconf 72' lang='lat' dir='ltr'>Larinates,</span> <span class='ocrx_word' id='word_1_80' title='bbox 2624 1131 2935 1208; x_wconf 82' lang='lat' dir='ltr'>Lucerini,</span> 
     </span>
     <span class='ocr_line' id='line_1_10' title="bbox 360 1233 2935 1320; baseline 0 -22"><span class='ocrx_word' id='word_1_81' title='bbox 360 1234 689 1309; x_wconf 77' lang='lat' dir='ltr'>Asculani,</span> <span class='ocrx_word' id='word_1_82' title='bbox 749 1234 988 1299; x_wconf 88' lang='lat' dir='ltr'>demum</span> <span class='ocrx_word' id='word_1_83' title='bbox 1049 1235 1304 1299; x_wconf 88' lang='lat' dir='ltr'>Romani</span> <span class='ocrx_word' id='word_1_84' title='bbox 1365 1234 1469 1320; x_wconf 89' lang='lat' dir='ltr'>qui</span> <span class='ocrx_word' id='word_1_85' title='bbox 1528 1234 1588 1298; x_wconf 89' lang='lat' dir='ltr'>in</span> <span class='ocrx_word' id='word_1_86' title='bbox 1648 1233 1869 1319; x_wconf 78' lang='lat' dir='ltr'>Apulia</span> <span class='ocrx_word' id='word_1_87' title='bbox 1925 1236 2050 1299; x_wconf 88' lang='lat' dir='ltr'>suis</span> <span class='ocrx_word' id='word_1_88' title='bbox 2095 1236 2257 1320; x_wconf 82' lang='lat' dir='ltr'>typis</span> <span class='ocrx_word' id='word_1_89' title='bbox 2304 1255 2578 1300; x_wconf 90' lang='lat' dir='ltr'>nummos</span> <span class='ocrx_word' id='word_1_90' title='bbox 2623 1235 2935 1303; x_wconf 83' lang='lat' dir='ltr'>ferierunt.</span> 
     </span>
     <span class='ocr_line' id='line_1_11' title="bbox 362 1335 2937 1423; baseline 0.001 -23"><span class='ocrx_word' id='word_1_91' title='bbox 362 1337 486 1400; x_wconf 89' lang='lat' dir='ltr'>Nec</span> <span class='ocrx_word' id='word_1_92' title='bbox 545 1356 689 1401; x_wconf 90' lang='lat' dir='ltr'>vero</span> <span class='ocrx_word' id='word_1_93' title='bbox 749 1356 1111 1423; x_wconf 89' lang='lat' dir='ltr'>quemquam</span> <span class='ocrx_word' id='word_1_94' title='bbox 1168 1356 1411 1401; x_wconf 81' lang='lat' dir='ltr'>movere</span> <span class='ocrx_word' id='word_1_95' title='bbox 1457 1337 1682 1400; x_wconf 89' lang='lat' dir='ltr'>debent</span> <span class='ocrx_word' id='word_1_96' title='bbox 1726 1338 1964 1401; x_wconf 89' lang='lat' dir='ltr'>litterae</span> <span class='ocrx_word' id='word_1_97' title='bbox 2009 1337 2273 1402; x_wconf 77' lang='lat' dir='ltr'>initiales</span> <span class='ocrx_word' id='word_1_98' title='bbox 2318 1335 2527 1421; x_wconf 86' lang='lat' dir='ltr'>oppidi</span> <span class='ocrx_word' id='word_1_99' title='bbox 2573 1338 2662 1401; x_wconf 92' lang='lat' dir='ltr'>sic</span> <span class='ocrx_word' id='word_1_100' title='bbox 2708 1337 2937 1402; x_wconf 87' lang='lat' dir='ltr'>divisae</span> 
     </span>
     <span class='ocr_line' id='line_1_12' title="bbox 364 1438 2941 1525; baseline 0 -21"><span class='ocrx_word' id='word_1_101' title='bbox 364 1447 430 1504; x_wconf 90' lang='lat' dir='ltr'>ut</span> <span class='ocrx_word' id='word_1_102' title='bbox 473 1439 670 1504; x_wconf 89' lang='lat' dir='ltr'>altera</span> <span class='ocrx_word' id='word_1_103' title='bbox 712 1439 948 1520; x_wconf 87' lang='lat' dir='ltr'>legatur</span> <span class='ocrx_word' id='word_1_104' title='bbox 992 1442 1052 1504; x_wconf 93' lang='lat' dir='ltr'>in</span> <span class='ocrx_word' id='word_1_105' title='bbox 1091 1438 1322 1516; x_wconf 89' lang='lat' dir='ltr'>antica,</span> <span class='ocrx_word' id='word_1_106' title='bbox 1365 1441 1420 1502; x_wconf 85' lang='lat' dir='ltr'>in</span> <span class='ocrx_word' id='word_1_107' title='bbox 1462 1442 1697 1523; x_wconf 85' lang='lat' dir='ltr'>postica</span> <span class='ocrx_word' id='word_1_108' title='bbox 1736 1441 1958 1503; x_wconf 90' lang='lat' dir='ltr'>altera:</span> <span class='ocrx_word' id='word_1_109' title='bbox 1999 1459 2139 1503; x_wconf 92' lang='lat' dir='ltr'>nam</span> <span class='ocrx_word' id='word_1_110' title='bbox 2178 1440 2323 1525; x_wconf 90' lang='lat' dir='ltr'>quid</span> <span class='ocrx_word' id='word_1_111' title='bbox 2365 1440 2481 1524; x_wconf 88' lang='lat' dir='ltr'>ipsi</span> <span class='ocrx_word' id='word_1_112' title='bbox 2520 1441 2723 1519; x_wconf 86' lang='lat' dir='ltr'>dicent</span> <span class='ocrx_word' id='word_1_113' title='bbox 2758 1441 2806 1504; x_wconf 88' lang='lat' dir='ltr'>si</span> <span class='ocrx_word' id='word_1_114' title='bbox 2846 1460 2941 1504; x_wconf 90' lang='lat' dir='ltr'>re-</span> 
     </span>
     <span class='ocr_line' id='line_1_13' title="bbox 365 1541 2930 1628; baseline 0 -22"><span class='ocrx_word' id='word_1_115' title='bbox 365 1542 597 1606; x_wconf 85' lang='lat' dir='ltr'>vocabo</span> <span class='ocrx_word' id='word_1_116' title='bbox 635 1542 1010 1628; x_wconf 82' lang='lat' dir='ltr'>epigraphen</span> <span class='ocrx_word' id='word_1_117' title='bbox 1049 1541 1109 1605; x_wconf 92' lang='lat' dir='ltr'>in</span> <span class='ocrx_word' id='word_1_118' title='bbox 1149 1562 1272 1628; x_wconf 90' lang='lat' dir='ltr'>qua</span> <span class='ocrx_word' id='word_1_119' title='bbox 1305 1544 1521 1617; x_wconf 74' lang='grc' dir='ltr'><strong><em>Ααῒνος.</em></strong></span> <span class='ocrx_word' id='word_1_120' title='bbox 1548 1545 1632 1606; x_wconf 92' lang='lat' dir='ltr'>sic</span> <span class='ocrx_word' id='word_1_121' title='bbox 1672 1542 1896 1625; x_wconf 89' lang='lat' dir='ltr'>legitur</span> <span class='ocrx_word' id='word_1_122' title='bbox 1931 1543 2221 1627; x_wconf 91' lang='lat' dir='ltr'>scriptum</span> <span class='ocrx_word' id='word_1_123' title='bbox 2254 1549 2323 1608; x_wconf 94' lang='lat' dir='ltr'>ut</span> <span class='ocrx_word' id='word_1_124' title='bbox 2354 1543 2414 1606; x_wconf 89' lang='lat' dir='ltr'>in</span> <span class='ocrx_word' id='word_1_125' title='bbox 2448 1545 2648 1609; x_wconf 86' lang='lat' dir='ltr'>antica</span> <span class='ocrx_word' id='word_1_126' title='bbox 2677 1542 2754 1607; x_wconf 88' lang='lat' dir='ltr'>sit</span> <span class='ocrx_word' id='word_1_127' title='bbox 2806 1548 2930 1615; x_wconf 60' lang='grc' dir='ltr'>ἱΑ4</span> 
     </span>
     <span class='ocr_line' id='line_1_14' title="bbox 367 1646 1594 1731; baseline -0.007 -15"><span class='ocrx_word' id='word_1_128' title='bbox 367 1646 603 1729; x_wconf 84' lang='grc' dir='ltr'>(ΛΑΙ),</span> <span class='ocrx_word' id='word_1_129' title='bbox 658 1648 836 1718; x_wconf 72' lang='lat' dir='ltr'>mov!</span> <span class='ocrx_word' id='word_1_130' title='bbox 892 1646 1151 1729; x_wconf 58' lang='lat' dir='ltr'>(Noe)</span> <span class='ocrx_word' id='word_1_131' title='bbox 1201 1646 1260 1709; x_wconf 91' lang='lat' dir='ltr'>in</span> <span class='ocrx_word' id='word_1_132' title='bbox 1308 1647 1594 1731; x_wconf 67' lang='lat' dir='ltr'>postica?</span> 
     </span>
    </p>

    <p class='ocr_par' dir='ltr' id='par_1_3' title="bbox 360 1748 2940 2461">
     <span class='ocr_line' id='line_1_15' title="bbox 533 1748 2938 1829; baseline 0.001 -17"><span class='ocrx_word' id='word_1_133' title='bbox 533 1749 863 1829; x_wconf 88' lang='lat' dir='ltr'>Praeterea</span> <span class='ocrx_word' id='word_1_134' title='bbox 919 1768 1057 1815; x_wconf 89' lang='lat' dir='ltr'>cum</span> <span class='ocrx_word' id='word_1_135' title='bbox 1115 1748 1271 1813; x_wconf 89' lang='lat' dir='ltr'>hanc</span> <span class='ocrx_word' id='word_1_136' title='bbox 1329 1750 1700 1813; x_wconf 86' lang='lat' dir='ltr'>semunciam</span> <span class='ocrx_word' id='word_1_137' title='bbox 1764 1749 2033 1814; x_wconf 92' lang='lat' dir='ltr'>nonnulli</span> <span class='ocrx_word' id='word_1_138' title='bbox 2093 1750 2250 1814; x_wconf 89' lang='lat' dir='ltr'>male</span> <span class='ocrx_word' id='word_1_139' title='bbox 2307 1749 2577 1813; x_wconf 86' lang='lat' dir='ltr'>tribuant</span> <span class='ocrx_word' id='word_1_140' title='bbox 2617 1748 2938 1815; x_wconf 81' lang='lat' dir='ltr'>Asculanis</span> 
     </span>
     <span class='ocr_line' id='line_1_16' title="bbox 362 1850 2939 1937; baseline 0.001 -24"><span class='ocrx_word' id='word_1_141' title='bbox 362 1850 619 1935; x_wconf 78' lang='lat' dir='ltr'>Apuliae</span> <span class='ocrx_word' id='word_1_142' title='bbox 653 1871 808 1936; x_wconf 90' lang='lat' dir='ltr'>quos</span> <span class='ocrx_word' id='word_1_143' title='bbox 841 1851 1012 1916; x_wconf 87' lang='lat' dir='ltr'>aiunt</span> <span class='ocrx_word' id='word_1_144' title='bbox 1040 1852 1388 1916; x_wconf 83' lang='lat' dir='ltr'>foederatos</span> <span class='ocrx_word' id='word_1_145' title='bbox 1420 1871 1556 1915; x_wconf 80' lang='lat' dir='ltr'>cuni</span> <span class='ocrx_word' id='word_1_146' title='bbox 1593 1850 2590 1936; x_wconf 22' lang='lat' dir='ltr'>HerdoniensibusxMommsenius</span> <span class='ocrx_word' id='word_1_147' title='bbox 2620 1852 2696 1916; x_wconf 88' lang='lat' dir='ltr'>ab</span> <span class='ocrx_word' id='word_1_148' title='bbox 2724 1851 2939 1937; x_wconf 81' lang='lat' dir='ltr'>Apulis</span> 
     </span>
     <span class='ocr_line' id='line_1_17' title="bbox 364 1953 2938 2031; baseline 0 -13"><span class='ocrx_word' id='word_1_149' title='bbox 364 1961 625 2018; x_wconf 90' lang='lat' dir='ltr'>amotam</span> <span class='ocrx_word' id='word_1_150' title='bbox 686 1956 910 2019; x_wconf 86' lang='lat' dir='ltr'>Asculo</span> <span class='ocrx_word' id='word_1_151' title='bbox 965 1953 1189 2018; x_wconf 90' lang='lat' dir='ltr'>Piceno</span> <span class='ocrx_word' id='word_1_152' title='bbox 1236 1953 1429 2018; x_wconf 86' lang='lat' dir='ltr'>dedit.</span> <span class='ocrx_word' id='word_1_153' title='bbox 1499 1956 1575 2018; x_wconf 80' lang='lat' dir='ltr'>At</span> <span class='ocrx_word' id='word_1_154' title='bbox 1620 1955 1962 2019; x_wconf 84' lang='lat' dir='ltr'>sciscitanti</span> <span class='ocrx_word' id='word_1_155' title='bbox 2008 1954 2168 2020; x_wconf 85' lang='lat' dir='ltr'>mihi&#39;</span> <span class='ocrx_word' id='word_1_156' title='bbox 2196 1954 2274 2019; x_wconf 91' lang='lat' dir='ltr'>ab</span> <span class='ocrx_word' id='word_1_157' title='bbox 2316 1953 2641 2021; x_wconf 81' lang='lat' dir='ltr'>Asculanis</span> <span class='ocrx_word' id='word_1_158' title='bbox 2685 1954 2938 2031; x_wconf 88' lang='lat' dir='ltr'>amicis,</span> 
     </span>
     <span class='ocr_line' id='line_1_18' title="bbox 364 2055 2935 2142; baseline 0.002 -23"><span class='ocrx_word' id='word_1_159' title='bbox 364 2058 816 2141; x_wconf 89' lang='lat' dir='ltr'>responderunt</span> <span class='ocrx_word' id='word_1_160' title='bbox 861 2077 1166 2142; x_wconf 87' lang='lat' dir='ltr'>nunquam</span> <span class='ocrx_word' id='word_1_161' title='bbox 1215 2058 1274 2120; x_wconf 93' lang='lat' dir='ltr'>in</span> <span class='ocrx_word' id='word_1_162' title='bbox 1321 2077 1530 2122; x_wconf 90' lang='lat' dir='ltr'>eorum</span> <span class='ocrx_word' id='word_1_163' title='bbox 1580 2058 1762 2121; x_wconf 89' lang='lat' dir='ltr'>terris</span> <span class='ocrx_word' id='word_1_164' title='bbox 1810 2059 2018 2121; x_wconf 88' lang='lat' dir='ltr'>visam.</span> <span class='ocrx_word' id='word_1_165' title='bbox 2077 2057 2303 2123; x_wconf 89' lang='lat' dir='ltr'>Contra</span> <span class='ocrx_word' id='word_1_166' title='bbox 2347 2059 2407 2122; x_wconf 92' lang='lat' dir='ltr'>in</span> <span class='ocrx_word' id='word_1_167' title='bbox 2454 2058 2758 2122; x_wconf 86' lang='lat' dir='ltr'>territorio</span> <span class='ocrx_word' id='word_1_168' title='bbox 2805 2055 2935 2123; x_wconf 86' lang='lat' dir='ltr'>Ha·</span> 
     </span>
     <span class='ocr_line' id='line_1_19' title="bbox 365 2158 2937 2245; baseline 0 -21"><span class='ocrx_word' id='word_1_169' title='bbox 365 2158 675 2224; x_wconf 84' lang='lat' dir='ltr'>triensium</span> <span class='ocrx_word' id='word_1_170' title='bbox 722 2179 907 2245; x_wconf 91' lang='lat' dir='ltr'>saepe</span> <span class='ocrx_word' id='word_1_171' title='bbox 955 2161 1255 2224; x_wconf 86' lang='lat' dir='ltr'>inventam</span> <span class='ocrx_word' id='word_1_172' title='bbox 1305 2162 1601 2225; x_wconf 79' lang='lat' dir='ltr'>novimus,</span> <span class='ocrx_word' id='word_1_173' title='bbox 1645 2159 1835 2224; x_wconf 90' lang='lat' dir='ltr'>Cuius</span> <span class='ocrx_word' id='word_1_174' title='bbox 1872 2162 1958 2225; x_wconf 83' lang='lat' dir='ltr'>rei</span> <span class='ocrx_word' id='word_1_175' title='bbox 2001 2167 2215 2224; x_wconf 90' lang='lat' dir='ltr'>testem</span> <span class='ocrx_word' id='word_1_176' title='bbox 2254 2159 2534 2226; x_wconf 85' lang='lat' dir='ltr'>excitabo</span> <span class='ocrx_word' id='word_1_177' title='bbox 2572 2159 2937 2226; x_wconf 86' lang='lat' dir='ltr'>batriensem</span> 
     </span>
     <span class='ocr_line' id='line_1_20' title="bbox 361 2261 2940 2350; baseline 0.001 -23"><span class='ocrx_word' id='word_1_178' title='bbox 361 2261 711 2327; x_wconf 86' lang='lat' dir='ltr'>Gabrielem</span> <span class='ocrx_word' id='word_1_179' title='bbox 759 2262 1230 2340; x_wconf 86' lang='lat' dir='ltr'>Cherubinium,</span> <span class='ocrx_word' id='word_1_180' title='bbox 1277 2264 1520 2328; x_wconf 91' lang='lat' dir='ltr'>doctum</span> <span class='ocrx_word' id='word_1_181' title='bbox 1567 2264 1794 2339; x_wconf 86' lang='lat' dir='ltr'>virum,</span> <span class='ocrx_word' id='word_1_182' title='bbox 1836 2264 1941 2348; x_wconf 93' lang='lat' dir='ltr'>qui</span> <span class='ocrx_word' id='word_1_183' title='bbox 1973 2283 2168 2350; x_wconf 89' lang='lat' dir='ltr'>nuper</span> <span class='ocrx_word' id='word_1_184' title='bbox 2200 2262 2445 2350; x_wconf 87' lang='lat' dir='ltr'>scripsit</span> <span class='ocrx_word' id='word_1_185' title='bbox 2475 2264 2550 2327; x_wconf 90' lang='lat' dir='ltr'>ad</span> <span class='ocrx_word' id='word_1_186' title='bbox 2582 2283 2680 2329; x_wconf 91' lang='lat' dir='ltr'>me</span> <span class='ocrx_word' id='word_1_187' title='bbox 2712 2263 2940 2330; x_wconf 80' lang='lat' dir='ltr'>affatim</span> 
     </span>
     <span class='ocr_line' id='line_1_21' title="bbox 360 2365 2932 2461; baseline 0 -31"><span class='ocrx_word' id='word_1_188' title='bbox 360 2385 569 2431; x_wconf 90' lang='lat' dir='ltr'>earum</span> <span class='ocrx_word' id='word_1_189' title='bbox 616 2386 755 2430; x_wconf 88' lang='lat' dir='ltr'>esse</span> <span class='ocrx_word' id='word_1_190' title='bbox 800 2365 862 2429; x_wconf 91' lang='lat' dir='ltr'>in</span> <span class='ocrx_word' id='word_1_191' title='bbox 910 2386 981 2431; x_wconf 92' lang='lat' dir='ltr'>eo</span> <span class='ocrx_word' id='word_1_192' title='bbox 1028 2367 1293 2451; x_wconf 87' lang='lat' dir='ltr'>oppido,</span> <span class='ocrx_word' id='word_1_193' title='bbox 1355 2367 1695 2450; x_wconf 87' lang='lat' dir='ltr'>complures</span> <span class='ocrx_word' id='word_1_194' title='bbox 1756 2367 1918 2453; x_wconf 89' lang='lat' dir='ltr'>apud</span> <span class='ocrx_word' id='word_1_195' title='bbox 1974 2366 2322 2442; x_wconf 81' lang='lat' dir='ltr'>Arlinium,</span> <span class='ocrx_word' id='word_1_196' title='bbox 2377 2365 2674 2453; x_wconf 88' lang='lat' dir='ltr'>plurimos</span> <span class='ocrx_word' id='word_1_197' title='bbox 2720 2365 2932 2461; x_wconf 80' lang='lat' dir='ltr'>baberi</span> 
     </span>
    </p>
   </div>
   <div class='ocr_carea' id='block_1_3' title="bbox 360 2468 2945 2637">
    <p class='ocr_par' dir='ltr' id='par_1_4' title="bbox 360 2468 2945 2637">
     <span class='ocr_line' id='line_1_22' title="bbox 360 2468 2945 2554; baseline -0.001 -19"><span class='ocrx_word' id='word_1_198' title='bbox 360 2470 524 2554; x_wconf 88' lang='lat' dir='ltr'>apud</span> <span class='ocrx_word' id='word_1_199' title='bbox 584 2468 1007 2547; x_wconf 81' lang='lat' dir='ltr'>Sorricchios,</span> <span class='ocrx_word' id='word_1_200' title='bbox 1067 2471 1347 2551; x_wconf 85' lang='lat' dir='ltr'>egregios</span> <span class='ocrx_word' id='word_1_201' title='bbox 1409 2472 1612 2545; x_wconf 68' lang='grc' dir='ltr'>οἰνος,</span> <span class='ocrx_word' id='word_1_202' title='bbox 1676 2479 1738 2534; x_wconf 91' lang='lat' dir='ltr'>et</span> <span class='ocrx_word' id='word_1_203' title='bbox 1798 2469 2257 2536; x_wconf 84' lang='lat' dir='ltr'>numismaticae</span> <span class='ocrx_word' id='word_1_204' title='bbox 2316 2470 2585 2536; x_wconf 89' lang='lat' dir='ltr'>cultores</span> <span class='ocrx_word' id='word_1_205' title='bbox 2645 2470 2784 2539; x_wconf 83' lang='lat' dir='ltr'>otim</span> <span class='ocrx_word' id='word_1_206' title='bbox 2839 2489 2945 2533; x_wconf 87' lang='lat' dir='ltr'>so-</span> 
     </span>
     <span class='ocr_line' id='line_1_23' title="bbox 372 2573 743 2637; baseline -0.003 -1"><span class='ocrx_word' id='word_1_207' title='bbox 372 2573 743 2637; x_wconf 82' lang='lat' dir='ltr'>lertissimos.</span> 
     </span>
    </p>
   </div>
   <div class='ocr_carea' id='block_1_4' title="bbox 281 2677 2952 4722">
    <p class='ocr_par' dir='ltr' id='par_1_5' title="bbox 281 2677 2942 3053">
     <span class='ocr_line' id='line_1_24' title="bbox 281 2677 1406 2761; baseline -0.002 -21"><span class='ocrx_word' id='word_1_208' title='bbox 281 2681 385 2740; x_wconf 80' lang='grc' dir='ltr'>Ἡ.</span> <span class='ocrx_word' id='word_1_209' title='bbox 433 2677 500 2758; x_wconf 80' lang='grc' dir='ltr'>α)</span> <span class='ocrx_word' id='word_1_210' title='bbox 557 2681 995 2749; x_wconf 58' lang='grc' dir='ltr'>ΠΑιΑΕΝνΖ</span> <span class='ocrx_word' id='word_1_211' title='bbox 1039 2678 1099 2740; x_wconf 92' lang='lat' dir='ltr'>in</span> <span class='ocrx_word' id='word_1_212' title='bbox 1149 2679 1406 2761; x_wconf 87' lang='lat' dir='ltr'>postica.</span> 
     </span>
     <span class='ocr_line' id='line_1_25' title="bbox 620 2779 2750 2867; baseline 0.002 -25"><span class='ocrx_word' id='word_1_213' title='bbox 620 2779 820 2865; x_wconf 89' lang='lat' dir='ltr'>Caput</span> <span class='ocrx_word' id='word_1_214' title='bbox 869 2779 1114 2845; x_wconf 82' lang='lat' dir='ltr'>Vulcani</span> <span class='ocrx_word' id='word_1_215' title='bbox 1164 2780 1456 2844; x_wconf 88' lang='lat' dir='ltr'>imberbis</span> <span class='ocrx_word' id='word_1_216' title='bbox 1504 2781 1667 2864; x_wconf 82' lang='lat' dir='ltr'>pileo</span> <span class='ocrx_word' id='word_1_217' title='bbox 1713 2782 1929 2845; x_wconf 89' lang='lat' dir='ltr'>conico</span> <span class='ocrx_word' id='word_1_218' title='bbox 1980 2788 2236 2858; x_wconf 83' lang='lat' dir='ltr'>tectum,</span> <span class='ocrx_word' id='word_1_219' title='bbox 2286 2801 2441 2866; x_wconf 89' lang='lat' dir='ltr'>pone</span> <span class='ocrx_word' id='word_1_220' title='bbox 2489 2782 2750 2867; x_wconf 81' lang='lat' dir='ltr'>forceps.</span> 
     </span>
     <span class='ocr_line' id='line_1_26' title="bbox 621 2883 2942 2970; baseline 0 -23"><span class='ocrx_word' id='word_1_221' title='bbox 621 2884 815 2949; x_wconf 85' lang='lat' dir='ltr'>Larva</span> <span class='ocrx_word' id='word_1_222' title='bbox 857 2883 1147 2948; x_wconf 90' lang='lat' dir='ltr'>medusea</span> <span class='ocrx_word' id='word_1_223' title='bbox 1194 2884 1305 2948; x_wconf 90' lang='lat' dir='ltr'>alis</span> <span class='ocrx_word' id='word_1_224' title='bbox 1351 2885 1681 2959; x_wconf 86' lang='lat' dir='ltr'>instructa,</span> <span class='ocrx_word' id='word_1_225' title='bbox 1729 2905 1834 2949; x_wconf 92' lang='lat' dir='ltr'>ore</span> <span class='ocrx_word' id='word_1_226' title='bbox 1879 2883 2115 2949; x_wconf 86' lang='lat' dir='ltr'>hiante:</span> <span class='ocrx_word' id='word_1_227' title='bbox 2160 2883 2315 2949; x_wconf 80' lang='lat' dir='ltr'>infra</span> <span class='ocrx_word' id='word_1_228' title='bbox 2359 2893 2675 2970; x_wconf 83' lang='lat' dir='ltr'>serpentes</span> <span class='ocrx_word' id='word_1_229' title='bbox 2721 2884 2942 2950; x_wconf 89' lang='lat' dir='ltr'>arrecti</span> 
     </span>
     <span class='ocr_line' id='line_1_27' title="bbox 703 2988 1072 3053; baseline -0.003 -3"><span class='ocrx_word' id='word_1_230' title='bbox 703 2989 764 3052; x_wconf 93' lang='lat' dir='ltr'>in</span> <span class='ocrx_word' id='word_1_231' title='bbox 810 2988 1072 3053; x_wconf 85' lang='lat' dir='ltr'>diversa.</span> 
     </span>
    </p>

    <p class='ocr_par' dir='ltr' id='par_1_6' title="bbox 362 3088 2952 4722">
     <span class='ocr_line' id='line_1_28' title="bbox 532 3088 2938 3176; baseline 0 -22"><span class='ocrx_word' id='word_1_232' title='bbox 532 3089 707 3156; x_wconf 84' lang='lat' dir='ltr'>Hunc</span> <span class='ocrx_word' id='word_1_233' title='bbox 769 3111 1078 3156; x_wconf 89' lang='lat' dir='ltr'>nummum</span> <span class='ocrx_word' id='word_1_234' title='bbox 1139 3088 1513 3175; x_wconf 88' lang='lat' dir='ltr'>Borghesius</span> <span class='ocrx_word' id='word_1_235' title='bbox 1573 3092 1807 3176; x_wconf 89' lang='lat' dir='ltr'>primus</span> <span class='ocrx_word' id='word_1_236' title='bbox 1853 3091 2179 3176; x_wconf 88' lang='lat' dir='ltr'>descripsit</span> <span class='ocrx_word' id='word_1_237' title='bbox 2224 3113 2255 3155; x_wconf 93' lang='lat' dir='ltr'>e</span> <span class='ocrx_word' id='word_1_238' title='bbox 2305 3111 2519 3156; x_wconf 90' lang='lat' dir='ltr'>museo</span> <span class='ocrx_word' id='word_1_239' title='bbox 2555 3113 2678 3157; x_wconf 46' lang='lat' dir='ltr'>&#39;suo</span> <span class='ocrx_word' id='word_1_240' title='bbox 2739 3092 2938 3176; x_wconf 90' lang='lat' dir='ltr'>(Bull.</span> 
     </span>
     <span class='ocr_line' id='line_1_29' title="bbox 362 3192 2938 3279; baseline -0.001 -20"><span class='ocrx_word' id='word_1_241' title='bbox 362 3194 531 3259; x_wconf 88' lang='lat' dir='ltr'>arch.</span> <span class='ocrx_word' id='word_1_242' title='bbox 572 3214 745 3277; x_wconf 90' lang='lat' dir='ltr'>neap.</span> <span class='ocrx_word' id='word_1_243' title='bbox 785 3194 874 3270; x_wconf 89' lang='lat'>11,</span> <span class='ocrx_word' id='word_1_244' title='bbox 915 3214 971 3278; x_wconf 88' lang='lat' dir='ltr'>p.</span> <span class='ocrx_word' id='word_1_245' title='bbox 1016 3194 1151 3277; x_wconf 65' lang='lat'>⁴5).</span> <span class='ocrx_word' id='word_1_246' title='bbox 1201 3192 1303 3257; x_wconf 91' lang='lat' dir='ltr'>Sic</span> <span class='ocrx_word' id='word_1_247' title='bbox 1352 3200 1415 3258; x_wconf 85' lang='lat' dir='ltr'>ut</span> <span class='ocrx_word' id='word_1_248' title='bbox 1460 3214 1569 3278; x_wconf 91' lang='lat' dir='ltr'>pro</span> <span class='ocrx_word' id='word_1_249' title='bbox 1614 3195 2005 3279; x_wconf 88' lang='lat' dir='ltr'>serpentibus</span> <span class='ocrx_word' id='word_1_250' title='bbox 2053 3202 2292 3279; x_wconf 87' lang='lat' dir='ltr'>putaret</span> <span class='ocrx_word' id='word_1_251' title='bbox 2336 3215 2402 3258; x_wconf 86' lang='lat' dir='ltr'>se</span> <span class='ocrx_word' id='word_1_252' title='bbox 2453 3197 2657 3259; x_wconf 85' lang='lat' dir='ltr'>videre</span> <span class='ocrx_word' id='word_1_253' title='bbox 2708 3197 2938 3260; x_wconf 88' lang='lat' dir='ltr'>taenias</span> 
     </span>
     <span class='ocr_line' id='line_1_30' title="bbox 362 3296 2939 3382; baseline -0 -22"><span class='ocrx_word' id='word_1_254' title='bbox 362 3303 563 3361; x_wconf 90' lang='lat' dir='ltr'>mento</span> <span class='ocrx_word' id='word_1_255' title='bbox 598 3316 898 3382; x_wconf 87' lang='lat' dir='ltr'>personae</span> <span class='ocrx_word' id='word_1_256' title='bbox 932 3296 1090 3361; x_wconf 88' lang='lat' dir='ltr'>illius</span> <span class='ocrx_word' id='word_1_257' title='bbox 1125 3297 1283 3360; x_wconf 92' lang='lat' dir='ltr'>nodo</span> <span class='ocrx_word' id='word_1_258' title='bbox 1317 3298 1710 3373; x_wconf 89' lang='lat' dir='ltr'>constrictas,</span> <span class='ocrx_word' id='word_1_259' title='bbox 1747 3298 2099 3380; x_wconf 86' lang='lat' dir='ltr'>legeretque</span> <span class='ocrx_word' id='word_1_260' title='bbox 2143 3302 2592 3373; x_wconf 68' lang='lat' dir='ltr'>&#39;‘Amcmv,</span> <span class='ocrx_word' id='word_1_261' title='bbox 2629 3297 2939 3361; x_wconf 87' lang='lat' dir='ltr'>crederet·</span> 
     </span>
     <span class='ocr_line' id='line_1_31' title="bbox 366 3397 2937 3485; baseline -0 -21"><span class='ocrx_word' id='word_1_262' title='bbox 366 3421 486 3485; x_wconf 91' lang='lat' dir='ltr'>que</span> <span class='ocrx_word' id='word_1_263' title='bbox 518 3399 760 3465; x_wconf 85' lang='lat' dir='ltr'>finalem</span> <span class='ocrx_word' id='word_1_264' title='bbox 794 3397 1055 3463; x_wconf 90' lang='lat' dir='ltr'>litteram</span> <span class='ocrx_word' id='word_1_265' title='bbox 1098 3406 1131 3470; x_wconf 79' lang='grc'>2</span> <span class='ocrx_word' id='word_1_266' title='bbox 1171 3407 1375 3465; x_wconf 88' lang='lat' dir='ltr'>notam</span> <span class='ocrx_word' id='word_1_267' title='bbox 1409 3420 1546 3464; x_wconf 91' lang='lat' dir='ltr'>esse</span> <span class='ocrx_word' id='word_1_268' title='bbox 1577 3401 1869 3464; x_wconf 68' lang='lat' dir='ltr'>semissis</span> <span class='ocrx_word' id='word_1_269' title='bbox 1915 3400 2060 3463; x_wconf 87' lang='lat' dir='ltr'>Tria</span> <span class='ocrx_word' id='word_1_270' title='bbox 2093 3400 2213 3463; x_wconf 88' lang='lat' dir='ltr'>vidi</span> <span class='ocrx_word' id='word_1_271' title='bbox 2247 3400 2647 3485; x_wconf 80' lang='lat' dir='ltr'>exemplaria,</span> <span class='ocrx_word' id='word_1_272' title='bbox 2681 3402 2937 3483; x_wconf 89' lang='lat' dir='ltr'>primum</span> 
     </span>
     <span class='ocr_line' id='line_1_32' title="bbox 364 3502 2938 3589; baseline 0 -23"><span class='ocrx_word' id='word_1_273' title='bbox 364 3503 618 3568; x_wconf 84' lang='lat' dir='ltr'>Parisiis</span> <span class='ocrx_word' id='word_1_274' title='bbox 663 3502 723 3567; x_wconf 91' lang='lat' dir='ltr'>in</span> <span class='ocrx_word' id='word_1_275' title='bbox 773 3523 984 3567; x_wconf 90' lang='lat' dir='ltr'>museo</span> <span class='ocrx_word' id='word_1_276' title='bbox 1030 3504 1219 3568; x_wconf 90' lang='lat' dir='ltr'>Ducis</span> <span class='ocrx_word' id='word_1_277' title='bbox 1265 3504 1341 3568; x_wconf 91' lang='lat' dir='ltr'>de</span> <span class='ocrx_word' id='word_1_278' title='bbox 1390 3504 1658 3589; x_wconf 77' lang='lat' dir='ltr'>Luynes,</span> <span class='ocrx_word' id='word_1_279' title='bbox 1705 3503 2040 3568; x_wconf 89' lang='lat' dir='ltr'>secundum</span> <span class='ocrx_word' id='word_1_280' title='bbox 2075 3505 2132 3567; x_wconf 93' lang='lat' dir='ltr'>in</span> <span class='ocrx_word' id='word_1_281' title='bbox 2167 3524 2375 3568; x_wconf 89' lang='lat' dir='ltr'>museo</span> <span class='ocrx_word' id='word_1_282' title='bbox 2411 3506 2788 3578; x_wconf 88' lang='lat' dir='ltr'>monacensi,</span> <span class='ocrx_word' id='word_1_283' title='bbox 2824 3510 2938 3567; x_wconf 89' lang='lat' dir='ltr'>ter·</span> 
     </span>
     <span class='ocr_line' id='line_1_33' title="bbox 368 3604 2940 3691; baseline 0.001 -23"><span class='ocrx_word' id='word_1_284' title='bbox 368 3607 512 3671; x_wconf 90' lang='lat' dir='ltr'>tium</span> <span class='ocrx_word' id='word_1_285' title='bbox 561 3606 853 3691; x_wconf 88' lang='lat' dir='ltr'>optimum</span> <span class='ocrx_word' id='word_1_286' title='bbox 910 3604 1241 3670; x_wconf 89' lang='lat' dir='ltr'>Mediolani</span> <span class='ocrx_word' id='word_1_287' title='bbox 1290 3606 1452 3690; x_wconf 91' lang='lat' dir='ltr'>quod</span> <span class='ocrx_word' id='word_1_288' title='bbox 1499 3604 1759 3670; x_wconf 86' lang='lat' dir='ltr'>exhibeo</span> <span class='ocrx_word' id='word_1_289' title='bbox 1806 3608 1882 3670; x_wconf 90' lang='lat' dir='ltr'>ob</span> <span class='ocrx_word' id='word_1_290' title='bbox 1930 3605 2382 3690; x_wconf 87' lang='lat' dir='ltr'>inscriptionem</span> <span class='ocrx_word' id='word_1_291' title='bbox 2433 3614 2493 3670; x_wconf 90' lang='lat' dir='ltr'>et</span> <span class='ocrx_word' id='word_1_292' title='bbox 2541 3607 2836 3688; x_wconf 82' lang='lat' dir='ltr'>imagines</span> <span class='ocrx_word' id='word_1_293' title='bbox 2880 3608 2940 3670; x_wconf 91' lang='lat' dir='ltr'>in</span> 
     </span>
     <span class='ocr_line' id='line_1_34' title="bbox 362 3707 2939 3795; baseline 0 -21"><span class='ocrx_word' id='word_1_294' title='bbox 362 3729 436 3774; x_wconf 92' lang='lat' dir='ltr'>eo</span> <span class='ocrx_word' id='word_1_295' title='bbox 481 3710 830 3794; x_wconf 84' lang='lat' dir='ltr'>expressius</span> <span class='ocrx_word' id='word_1_296' title='bbox 876 3717 937 3773; x_wconf 90' lang='lat' dir='ltr'>et</span> <span class='ocrx_word' id='word_1_297' title='bbox 983 3707 1322 3774; x_wconf 85' lang='lat' dir='ltr'>evidentius</span> <span class='ocrx_word' id='word_1_298' title='bbox 1367 3708 1723 3793; x_wconf 88' lang='lat' dir='ltr'>insculptas.</span> <span class='ocrx_word' id='word_1_299' title='bbox 1790 3708 1945 3773; x_wconf 91' lang='lat' dir='ltr'>Sunt</span> <span class='ocrx_word' id='word_1_300' title='bbox 1999 3712 2103 3795; x_wconf 88' lang='lat' dir='ltr'>qui</span> <span class='ocrx_word' id='word_1_301' title='bbox 2163 3716 2379 3794; x_wconf 90' lang='lat' dir='ltr'>putant</span> <span class='ocrx_word' id='word_1_302' title='bbox 2427 3708 2585 3774; x_wconf 88' lang='lat' dir='ltr'>bunc</span> <span class='ocrx_word' id='word_1_303' title='bbox 2633 3730 2939 3775; x_wconf 89' lang='lat' dir='ltr'>nummum</span> 
     </span>
     <span class='ocr_line' id='line_1_35' title="bbox 362 3811 2940 3898; baseline 0 -21"><span class='ocrx_word' id='word_1_304' title='bbox 362 3813 666 3897; x_wconf 86' lang='lat' dir='ltr'>pertinere</span> <span class='ocrx_word' id='word_1_305' title='bbox 725 3812 802 3875; x_wconf 91' lang='lat' dir='ltr'>ad</span> <span class='ocrx_word' id='word_1_306' title='bbox 861 3811 1150 3898; x_wconf 88' lang='lat' dir='ltr'>oppidum</span> <span class='ocrx_word' id='word_1_307' title='bbox 1210 3811 1608 3893; x_wconf 82' lang='lat' dir='ltr'>Aboriginum</span> <span class='ocrx_word' id='word_1_308' title='bbox 1666 3813 1730 3876; x_wconf 90' lang='lat' dir='ltr'>in</span> <span class='ocrx_word' id='word_1_309' title='bbox 1788 3831 1932 3895; x_wconf 86' lang='lat' dir='ltr'>agro</span> <span class='ocrx_word' id='word_1_310' title='bbox 1993 3812 2229 3876; x_wconf 91' lang='lat' dir='ltr'>reatino</span> <span class='ocrx_word' id='word_1_311' title='bbox 2290 3813 2583 3876; x_wconf 75' lang='grc' dir='ltr'>Παλάτιον</span> <span class='ocrx_word' id='word_1_312' title='bbox 2627 3812 2857 3876; x_wconf 90' lang='lat' dir='ltr'>dictum</span> <span class='ocrx_word' id='word_1_313' title='bbox 2904 3832 2940 3877; x_wconf 93' lang='lat' dir='ltr'>a</span> 
     </span>
     <span class='ocr_line' id='line_1_36' title="bbox 364 3913 2948 4001; baseline 0 -22"><span class='ocrx_word' id='word_1_314' title='bbox 364 3916 658 4001; x_wconf 82' lang='lat' dir='ltr'>Dionysio</span> <span class='ocrx_word' id='word_1_315' title='bbox 705 3913 1214 3992; x_wconf 82' lang='lat' dir='ltr'>Halicarnasse03</span> <span class='ocrx_word' id='word_1_316' title='bbox 1262 3921 1356 3978; x_wconf 87' lang='lat' dir='ltr'>ast</span> <span class='ocrx_word' id='word_1_317' title='bbox 1399 3933 1473 3978; x_wconf 88' lang='lat' dir='ltr'>ea</span> <span class='ocrx_word' id='word_1_318' title='bbox 1519 3922 1716 3980; x_wconf 88' lang='lat' dir='ltr'>aetate</span> <span class='ocrx_word' id='word_1_319' title='bbox 1765 3934 2045 3980; x_wconf 90' lang='lat' dir='ltr'>nummos</span> <span class='ocrx_word' id='word_1_320' title='bbox 2091 3914 2385 3980; x_wconf 89' lang='lat' dir='ltr'>eiusmodi</span> <span class='ocrx_word' id='word_1_321' title='bbox 2425 3915 2699 3980; x_wconf 82' lang='lat' dir='ltr'>extitisse</span> <span class='ocrx_word' id='word_1_322' title='bbox 2736 3915 2948 3980; x_wconf 87' lang='lat' dir='ltr'>absur-</span> 
     </span>
     <span class='ocr_line' id='line_1_37' title="bbox 366 4017 2942 4103; baseline 0.001 -21"><span class='ocrx_word' id='word_1_323' title='bbox 366 4017 507 4082; x_wconf 89' lang='lat' dir='ltr'>dum</span> <span class='ocrx_word' id='word_1_324' title='bbox 554 4024 650 4082; x_wconf 88' lang='lat' dir='ltr'>est</span> <span class='ocrx_word' id='word_1_325' title='bbox 691 4017 938 4099; x_wconf 81' lang='lat' dir='ltr'>dicere3</span> <span class='ocrx_word' id='word_1_326' title='bbox 984 4017 1275 4103; x_wconf 91' lang='lat' dir='ltr'>oppidum</span> <span class='ocrx_word' id='word_1_327' title='bbox 1322 4026 1535 4103; x_wconf 89' lang='lat' dir='ltr'>postea</span> <span class='ocrx_word' id='word_1_328' title='bbox 1583 4038 1700 4083; x_wconf 92' lang='lat' dir='ltr'>non</span> <span class='ocrx_word' id='word_1_329' title='bbox 1747 4026 2135 4086; x_wconf 87' lang='lat' dir='ltr'>memoratur.</span> <span class='ocrx_word' id='word_1_330' title='bbox 2206 4020 2538 4083; x_wconf 85' lang='lat' dir='ltr'>Praeterea</span> <span class='ocrx_word' id='word_1_331' title='bbox 2585 4038 2659 4083; x_wconf 87' lang='lat' dir='ltr'>ex</span> <span class='ocrx_word' id='word_1_332' title='bbox 2708 4017 2942 4084; x_wconf 88' lang='lat' dir='ltr'>Palatio</span> 
     </span>
     <span class='ocr_line' id='line_1_38' title="bbox 364 4115 2952 4210; baseline -0 -24"><span class='ocrx_word' id='word_1_333' title='bbox 364 4121 671 4206; x_wconf 88' lang='lat' dir='ltr'>quomodo</span> <span class='ocrx_word' id='word_1_334' title='bbox 714 4122 913 4207; x_wconf 91' lang='lat' dir='ltr'>potuit</span> <span class='ocrx_word' id='word_1_335' title='bbox 948 4126 1142 4185; x_wconf 90' lang='lat' dir='ltr'>ortum</span> <span class='ocrx_word' id='word_1_336' title='bbox 1179 4115 1417 4185; x_wconf 77' lang='lat' dir='ltr'>ducere&#39;</span> <span class='ocrx_word' id='word_1_337' title='bbox 1441 4123 1899 4210; x_wconf 65' lang='lat' dir='ltr'>patronymicus</span> <span class='ocrx_word' id='word_1_338' title='bbox 1926 4124 2216 4186; x_wconf 76' lang='lat' dir='ltr'>Polaenus</span> <span class='ocrx_word' id='word_1_339' title='bbox 2245 4123 2343 4185; x_wconf 88' lang='lat' dir='ltr'>isti</span> <span class='ocrx_word' id='word_1_340' title='bbox 2376 4122 2596 4186; x_wconf 89' lang='lat' dir='ltr'>docere</span> <span class='ocrx_word' id='word_1_341' title='bbox 2627 4140 2738 4186; x_wconf 92' lang='lat' dir='ltr'>nos</span> <span class='ocrx_word' id='word_1_342' title='bbox 2771 4115 2952 4186; x_wconf 74' lang='lat' dir='ltr'>omit-&#39;</span> 
     </span>
     <span class='ocr_line' id='line_1_39' title="bbox 370 4212 2948 4314; baseline 0.001 -25"><span class='ocrx_word' id='word_1_343' title='bbox 370 4231 513 4314; x_wconf 74' lang='lat' dir='ltr'>tunt.</span> <span class='ocrx_word' id='word_1_344' title='bbox 557 4224 943 4289; x_wconf 89' lang='lat' dir='ltr'>Cavedonius</span> <span class='ocrx_word' id='word_1_345' title='bbox 980 4225 1292 4288; x_wconf 85' lang='lat' dir='ltr'>revocavit</span> <span class='ocrx_word' id='word_1_346' title='bbox 1328 4223 1641 4290; x_wconf 88' lang='lat' dir='ltr'>Pallanum</span> <span class='ocrx_word' id='word_1_347' title='bbox 1680 4212 1970 4311; x_wconf 73' lang='lat' dir='ltr'>o&#39;ppidum</span> <span class='ocrx_word' id='word_1_348' title='bbox 2009 4232 2406 4290; x_wconf 89' lang='lat' dir='ltr'>memoratum</span> <span class='ocrx_word' id='word_1_349' title='bbox 2443 4226 2500 4288; x_wconf 93' lang='lat' dir='ltr'>in</span> <span class='ocrx_word' id='word_1_350' title='bbox 2543 4224 2753 4289; x_wconf 90' lang='lat' dir='ltr'>tabula</span> <span class='ocrx_word' id='word_1_351' title='bbox 2788 4223 2948 4291; x_wconf 88' lang='lat' dir='ltr'>Peu-</span> 
     </span>
     <span class='ocr_line' id='line_1_40' title="bbox 368 4326 2945 4412; baseline 0.002 -23"><span class='ocrx_word' id='word_1_352' title='bbox 368 4328 584 4412; x_wconf 90' lang='lat' dir='ltr'>tingeri</span> <span class='ocrx_word' id='word_1_353' title='bbox 633 4327 791 4392; x_wconf 88' lang='lat' dir='ltr'>inter</span> <span class='ocrx_word' id='word_1_354' title='bbox 834 4329 1147 4392; x_wconf 84' lang='lat' dir='ltr'>Anxanum</span> <span class='ocrx_word' id='word_1_355' title='bbox 1193 4335 1254 4391; x_wconf 92' lang='lat' dir='ltr'>et</span> <span class='ocrx_word' id='word_1_356' title='bbox 1302 4326 1639 4392; x_wconf 87' lang='lat' dir='ltr'>Histonium</span> <span class='ocrx_word' id='word_1_357' title='bbox 1688 4328 1750 4392; x_wconf 87' lang='lat' dir='ltr'>in</span> <span class='ocrx_word' id='word_1_358' title='bbox 1798 4328 2153 4406; x_wconf 86' lang='lat' dir='ltr'>Frentanis,</span> <span class='ocrx_word' id='word_1_359' title='bbox 2199 4326 2427 4411; x_wconf 87' lang='lat' dir='ltr'>alioqui</span> <span class='ocrx_word' id='word_1_360' title='bbox 2475 4329 2743 4410; x_wconf 87' lang='lat' dir='ltr'>ignotum</span> <span class='ocrx_word' id='word_1_361' title='bbox 2780 4335 2945 4393; x_wconf 84' lang='lat' dir='ltr'>vete-</span> 
     </span>
     <span class='ocr_line' id='line_1_41' title="bbox 366 4430 2944 4518; baseline 0 -24"><span class='ocrx_word' id='word_1_362' title='bbox 366 4432 553 4495; x_wconf 73' lang='lat' dir='ltr'>ribus</span> <span class='ocrx_word' id='word_1_363' title='bbox 602 4431 726 4495; x_wconf 82' lang='lat' dir='ltr'>Nec</span> <span class='ocrx_word' id='word_1_364' title='bbox 773 4437 972 4496; x_wconf 89' lang='lat' dir='ltr'>tamen</span> <span class='ocrx_word' id='word_1_365' title='bbox 1021 4430 1298 4516; x_wconf 70' lang='lat' dir='ltr'>prabavit</span> <span class='ocrx_word' id='word_1_366' title='bbox 1329 4432 1630 4516; x_wconf 91' lang='lat' dir='ltr'>quomodo</span> <span class='ocrx_word' id='word_1_367' title='bbox 1668 4451 1740 4498; x_wconf 85' lang='lat' dir='ltr'>ex</span> <span class='ocrx_word' id='word_1_368' title='bbox 1769 4433 2074 4496; x_wconf 61' lang='lat' dir='ltr'>Pallanum</span> <span class='ocrx_word' id='word_1_369' title='bbox 2106 4432 2268 4516; x_wconf 89' lang='lat' dir='ltr'>quod</span> <span class='ocrx_word' id='word_1_370' title='bbox 2300 4433 2492 4516; x_wconf 90' lang='lat' dir='ltr'>ipsum</span> <span class='ocrx_word' id='word_1_371' title='bbox 2528 4433 2944 4518; x_wconf 67' lang='lat' dir='ltr'>patronymica</span> 
     </span>
     <span class='ocr_line' id='line_1_42' title="bbox 368 4525 2940 4621; baseline 0.001 -25"><span class='ocrx_word' id='word_1_372' title='bbox 368 4534 558 4599; x_wconf 77' lang='lat' dir='ltr'>forma</span> <span class='ocrx_word' id='word_1_373' title='bbox 589 4542 710 4607; x_wconf 89' lang='lat' dir='ltr'>est,</span> <span class='ocrx_word' id='word_1_374' title='bbox 743 4544 811 4600; x_wconf 90' lang='lat' dir='ltr'>ut</span> <span class='ocrx_word' id='word_1_375' title='bbox 848 4536 1002 4598; x_wconf 91' lang='lat' dir='ltr'>lovis</span> <span class='ocrx_word' id='word_1_376' title='bbox 1041 4535 1303 4599; x_wconf 85' lang='lat' dir='ltr'>Palanus</span> <span class='ocrx_word' id='word_1_377' title='bbox 1336 4533 1395 4598; x_wconf 89' lang='lat' dir='ltr'>in</span> <span class='ocrx_word' id='word_1_378' title='bbox 1431 4553 1572 4599; x_wconf 89' lang='lat' dir='ltr'>aere</span> <span class='ocrx_word' id='word_1_379' title='bbox 1604 4535 1925 4621; x_wconf 88' lang='lat' dir='ltr'>Rapinate,</span> <span class='ocrx_word' id='word_1_380' title='bbox 1955 4525 2149 4600; x_wconf 86' lang='lat' dir='ltr'>ortum</span> <span class='ocrx_word' id='word_1_381' title='bbox 2185 4534 2266 4598; x_wconf 89' lang='lat' dir='ltr'>sit</span> <span class='ocrx_word' id='word_1_382' title='bbox 2292 4537 2578 4598; x_wconf 75' lang='lat' dir='ltr'>Palacinu</span> <span class='ocrx_word' id='word_1_383' title='bbox 2606 4533 2940 4616; x_wconf 85' lang='lat' dir='ltr'>Borghesii.</span> 
     </span>
     <span class='ocr_line' id='line_1_43' title="bbox 370 4636 2944 4722; baseline 0.003 -23"><span class='ocrx_word' id='word_1_384' title='bbox 370 4636 524 4702; x_wconf 90' lang='lat' dir='ltr'>Sunt</span> <span class='ocrx_word' id='word_1_385' title='bbox 583 4640 686 4722; x_wconf 88' lang='lat' dir='ltr'>qui</span> <span class='ocrx_word' id='word_1_386' title='bbox 749 4637 1095 4703; x_wconf 86' lang='lat' dir='ltr'>Palacinum</span> <span class='ocrx_word' id='word_1_387' title='bbox 1152 4639 1523 4703; x_wconf 87' lang='lat' dir='ltr'>arbitrantur</span> <span class='ocrx_word' id='word_1_388' title='bbox 1566 4638 1753 4703; x_wconf 90' lang='lat' dir='ltr'>latere</span> <span class='ocrx_word' id='word_1_389' title='bbox 1796 4640 1858 4703; x_wconf 94' lang='lat' dir='ltr'>in</span> <span class='ocrx_word' id='word_1_390' title='bbox 1903 4646 2311 4722; x_wconf 83' lang='lat' dir='ltr'>cognomento</span> <span class='ocrx_word' id='word_1_391' title='bbox 2354 4637 2518 4704; x_wconf 89' lang='lat' dir='ltr'>illius</span> <span class='ocrx_word' id='word_1_392' title='bbox 2565 4637 2944 4706; x_wconf 81' lang='lat' dir='ltr'>Interamnae</span> 
     </span>
    </p>
   </div>
  </div>
 </body>
</html>
