3440 5114
478 276 541 341 lo

396 468 405 477 ,
448 406 678 471 dratam
723 405 997 474 dicimus,
1031 403 1208 470 cuius
1240 405 1481 470 inferior
1512 405 1673 470 linea
1707 406 1831 469 iere
1864 413 1968 471 aut
1999 407 2239 470 omnino
2272 408 2479 471 iacens
2516 417 2565 481 ι,
2602 405 2790 471 habet
2820 410 3087 492 speciem

447 507 651 591 anguli
716 510 861 572 recti
932 514 1017 587 L;
1086 528 1514 591 nonnunquam
1580 528 1720 573 vero
1776 509 2062 593 angulum
2130 528 2286 593 pene
2341 508 2622 575 obtusum
2682 509 2931 594 praebet
2997 513 3092 590 Q,

451 620 512 675 ut
552 612 609 674 in
657 613 992 697 quincunce
1036 610 1430 685 Larinatium,
1476 619 1535 675 et
1579 612 1749 685 alibi,
1797 611 1872 676 de
1917 630 2041 695 qua
2085 620 2284 676 tamen
2332 612 2428 676 hic
2474 615 2747 697 quaestio
2793 632 2912 677 non
2957 615 3091 683 erit,

449 735 583 779 cum
634 715 1032 797 negligentiae
1077 717 1280 799 potius
1318 714 1616 780 artificum
1655 714 1979 779 tribuenda
2011 713 2303 780 videatur.
2351 716 2454 779 Est
2485 726 2543 778 et
2570 715 2899 801 aliquando
2929 715 3095 779 linea

452 817 600 882 haec
643 817 852 881 iacens
896 838 1015 882 non
1062 824 1250 894 recta,
1298 817 1407 882 sed
1454 816 1723 881 nonnihil
1768 818 2036 902 repanda
2086 827 2160 894 1„
2207 837 2387 901 quam
2425 819 2674 884 formam
2708 820 2781 883 ad
2819 818 3095 904 calligra-

448 920 692 1006 phicum
734 921 1010 986 =studium
1061 920 1326 985 arbitror
1377 922 1694 1005 pertinere.
1760 919 1866 984 His
1910 922 2117 1006 itaque
2164 923 2483 1005 postremis
2528 921 2737 986 formis
2782 922 3093 1007 sepositis,

449 1024 525 1088 ad
587 1032 707 1088 tres
766 1023 996 1109 priores
1049 1025 1260 1098 redeo,
1317 1023 1390 1087 de
1446 1043 1699 1107 quarum
1746 1024 1925 1088 initiis
1982 1030 2042 1086 et
2098 1044 2211 1089 usu
2262 1023 2629 1090 Ritschelius
2674 1025 2902 1110 primus
2945 1023 3097 1088 haec

453 1129 694 1192 statuit:
741 1131 778 1197 t«
826 1132 1065 1191 acutam
1130 1132 1251 1190 toto
1306 1125 1547 1193 saeculo
1594 1127 1802 1211 quinto
1849 1126 2211 1211 perdurasse
2243 1134 2303 1191 et
2339 1133 2511 1192 sexto
2549 1146 2685 1192 cum
2739 1137 2786 1206 ι,
2838 1126 3096 1191 mediam

449 1231 716 1315 speciem
778 1229 1080 1308 hahente3
1126 1229 1379 1314 putabat
1437 1230 1594 1294 enim
1651 1229 1807 1293 hanc
1866 1229 2124 1294 mediam
2185 1232 2444 1315 speciem
2505 1237 2710 1295 extare
2768 1232 2827 1295 in
2879 1249 3094 1295 sarco-

452 1333 647 1417 phago
698 1332 974 1412 Barbati;
1036 1320 1111 1396 at‘
1148 1353 1282 1397 cum
1341 1330 1659 1398 didicisset
1711 1331 1793 1395 ibi
1858 1333 2112 1396 mediam
2174 1334 2436 1417 speciem
2489 1344 2536 1413 ι,
2586 1341 2792 1399 extare
2842 1334 3095 1408 nullam,

452 1455 742 1500 canonem
812 1437 1090 1511 mutavit,
1151 1434 1474 1519 docuitque
1530 1436 1550 1496 l
1604 1433 1858 1499 mediam
1921 1434 2071 1499 hanc
2134 1437 2399 1520 speciem
2460 1437 2781 1502 habentem
2838 1436 3094 1522 primum

450 1558 746 1625 apparere
800 1538 1045 1603 saeculo
1089 1539 1344 1622 septimo
1397 1540 1456 1601 in
1505 1537 1673 1602 titulo
1728 1538 2094 1603 Mummiano
2141 1559 2196 1602 a.
2244 1559 2300 1603 u.
2345 1559 2398 1603 c.
2448 1544 2613 1615 608,
2662 1559 2855 1625 eaque
2899 1547 3098 1604 aetate

452 1644 637 1707 fuisse
674 1641 994 1706 inductam.
1043 1641 1335 1724 Tempore
1373 1638 1511 1704 dein
1549 1639 1748 1705 adbuc
1794 1640 2030 1708 doctior
2068 1640 2255 1706 factus
2300 1641 2530 1727 quievit
2564 1643 2623 1706 in
2662 1640 2773 1706 hac
2807 1644 3102 1707 sententia

451 1764 631 1829 quam
678 1744 1153 1808 recentissimam
1198 1743 1536 1827 proposuit:
1594 1743 1818 1807 nullum
1866 1743 1979 1808 iam
2036 1763 2171 1809 esse
2218 1742 2541 1811 discrimen
2595 1745 2748 1809 inter
2790 1743 2902 1809 has
2946 1746 3100 1809 duas

453 1849 677 1912 formas
722 1865 879 1931 quae
927 1853 1133 1910 essent
1177 1847 1422 1910 saeculo
1481 1844 1692 1931 quinto
1751 1853 1813 1910 et
1863 1854 2028 1910 sexto
2082 1845 2418 1924 adhibitae;
2478 1847 2808 1933 quadratae
2860 1855 2907 1918 1,,
2957 1866 3100 1910 vero

453 1952 700 2014 exordia
745 1969 880 2023 esse
927 1949 1276 2033 quaerenda
1320 1949 1477 2012 inter
1513 1949 1703 2033 ipsius
1741 1948 1964 2014 saeculi
2001 1951 2150 2013 sexti
2190 1957 2524 2035 postremos
2562 1969 2751 2015 annos
2830 1954 3098 2013 ‘zo-580.

454 2052 626 2132 Quae
672 2053 1101 2116 Mommsenius
1146 2051 1221 2115 de
1266 2059 1464 2117 aetate
1522 2050 1732 2116 harum
1791 2052 2111 2117 formarum
2172 2050 2500 2137 aliquando
2556 2051 2957 2137 pronuntiavit
3001 2072 3102 2117 ne·

452 2155 731 2226 scissem,
793 2152 909 2219 nisi
966 2176 1058 2219 me
1116 2153 1424 2218 docuisset
1481 2154 1836 2229 Roulezius,
1902 2154 2005 2238 qui
2064 2156 2270 2219 citavit
2313 2157 2372 2218 in
2419 2153 2753 2220 Annalibus
2800 2155 3098 2230 instituti,

372 2247 379 2252 ⁶
453 2259 570 2322 vol.
604 2256 834 2322 xxxlt
872 2259 1105 2340 (⁴859),
1135 2277 1267 2341 pag.
1303 2261 1441 2322 ⁴42.
1480 2258 1577 2320 Ait
1608 2277 1818 2341 nempe
1852 2258 2208 2343 quadratam
2240 2257 2490 2322 formam
2522 2260 2774 2343 primum
2806 2275 3101 2343 apparere

455 2363 623 2426 initio
655 2360 882 2425 saeculi
923 2359 1159 2444 septimi
1196 2361 1256 2423 in
1290 2361 1457 2424 titulo
1495 2361 1882 2437 lllummiano,
1914 2368 1975 2426 et
2006 2381 2059 2424 a.
2096 2364 2215 2425 637
2252 2362 2310 2425 in
2342 2360 2745 2426 Minuciorum
2779 2362 3098 2425 sententia.

457 2463 568 2528 Hic
606 2468 735 2528 ‘erat
770 2462 947 2528 huius
986 2462 1296 2528 doctrinae
1333 2472 1640 2547 aspectus,
1678 2463 1738 2528 hi
1780 2469 2215 2528 Germanorum
2261 2462 2510 2530 istorum
2544 2483 2838 2544 canones3
2876 2463 3099 2549 quibus

452 2590 585 2634 cum
647 2576 1033 2632 monumenta
1094 2566 1510 2653 opposuissem
1568 2588 1723 2653 quae
1783 2567 2082 2633 docebant
2139 2574 2184 2638 L
2247 2569 2600 2652 quadratam
2668 2570 2803 2652 ipso
2855 2567 3099 2632 saeculo

453 2679 622 2737 sexto
668 2677 1046 2754 usurpatam,
1097 2671 1214 2734 imo
1260 2690 1334 2735 eo
1381 2672 1735 2756 incipiente,
1782 2669 2215 2736 ltlommsenius
2262 2672 2526 2756 paullum
2574 2691 2611 2736 a
2654 2669 2955 2734 sententia
3002 2690 3099 2734 re-

454 2775 636 2838 cessit
681 2773 866 2857 (Bull.
915 2772 1106 2837 Instit.
1157 2778 1337 2849 ⁴860,
1387 2794 1520 2857 pag.
1557 2777 1709 2846 205,
1751 2781 1920 2848 nota,
1961 2772 2176 2838 Rhein.
2223 2774 2375 2838 Mus.
2421 2796 2478 2839 n.
2525 2773 2563 2837 s.
2611 2772 2728 2848 tx,
2779 2775 2944 2856 461),
2988 2793 3102 2838 nec

390 2911 393 2924 ·
454 2886 651 2941 tamen
699 2877 869 2940 initia
917 2882 962 2946 L
1006 2877 1335 2960 quadratae
1381 2874 1584 2939 retulit
1628 2876 1785 2939 ultra
1830 2875 2093 2941 medium
2131 2878 2440 2940 saeculum
2487 2883 2744 2942 sextum.
2775 2875 2922 2939 Cum
2956 2895 3099 2939 vero

456 2979 755 3043 recentius
800 2979 1179 3043 de·nummis
1226 2986 1431 3063 ageret
1486 2976 1850 3043 familiarum
1907 2999 2322 3053 romanarum,
2368 2998 2593 3063 eosque
2652 2979 2861 3043 ordine
2916 2978 3122 3050 chro-‚

455 3081 728 3165 nologico
768 3080 1123 3145 distribuere
1160 3080 1531 3166 suscepisset
1567 3101 1738 3155 novo,
1777 3101 2012 3146 omnem
2060 3102 2226 3166 spem
2265 3080 2616 3167 proficiendi
2654 3102 2724 3146 ex
2760 3082 2957 3172 forma
2994 3079 3098 3144 lit-

457 3193 619 3248 terae
658 3186 676 3245 t
711 3191 921 3247 acutae
959 3192 1020 3247 et
1056 3184 1385 3269 quadratae
1424 3184 1852 3269 propemodum
1892 3183 2188 3248 abiecisse
2223 3204 2290 3248 se
2326 3183 2494 3261 dixit,
2531 3191 2785 3249 testatus
2815 3184 3049 3250 litterae
3083 3185 3104 3244 l

454 3295 671 3351 acutae
717 3292 777 3350 et
821 3286 1151 3370 quadratae
1197 3287 1417 3350 formas
1449 3294 1652 3351 extare
1689 3289 2064 3370 promiscuas
2108 3286 2234 3350 sive
2280 3288 2335 3349 in
2382 3287 2842 3372 antiquioribus,
2876 3286 3003 3350 sive
3041 3288 3098 3350 in

455 3388 894 3453 recentioribus
940 3390 1222 3463 nummiS,
1268 3389 1543 3472 adeoque
1581 3390 1864 3455 accidere
1899 3398 1964 3453 ut
2002 3392 2021 3451 1
2057 3390 2352 3472 quadrata
2395 3391 2479 3452 sit
2511 3390 2569 3453 in
2600 3397 2803 3453 vetere
2843 3409 3102 3463 nummo,

455 3500 514 3555 et
559 3497 736 3557 acuta
780 3490 842 3555 in
890 3491 1141 3556 recenti:
1197 3519 1224 3551 α
1278 3492 1357 3555 La
1402 3493 1589 3556 forme
1637 3493 1711 3556 dc
1759 3492 1843 3556 l’l
1885 3490 2134 3577 pointue
2178 3492 2330 3555 n'est
2374 3512 2482 3577 pas
2532 3512 2610 3557 un
2655 3493 2964 3557 criterium
3012 3494 3102 3556 in-

454 3623 481 3654 »
540 3594 788 3659 l'aillible
821 3594 1242 3658 ‹l’anciennete
1280 3592 1565 3676 (Histoire
1597 3594 1672 3658 de
1706 3596 1764 3659 la
1802 3591 2079 3659 monnaie
2118 3595 2405 3671 romaine,
2445 3592 2708 3658 traduite
2743 3614 2855 3680 par
2887 3594 2939 3657 le
2969 3595 3101 3660 Duc

454 3723 482 3758 »
540 3698 614 3761 ‹le
664 3696 906 3775 macas,
951 3696 1149 3761 editee
1208 3717 1318 3781 par
1374 3698 1428 3761 le
1483 3697 1679 3761 Baron
1728 3697 1803 3761 de
1848 3697 2069 3772 wine,
2119 3696 2230 3760 vol.
2288 3696 2375 3772 ll,
2421 3717 2479 3782 p.
2530 3697 2680 3778 ⁴90)
2710 3722 2768 3759 ».
2815 3695 2982 3761 Haec
3029 3717 3101 3762 ex

456 3799 733 3865 nummis.
777 3798 999 3864 Verum
1043 3799 1094 3863 si
1142 3799 1594 3865 consideremus
1629 3801 1908 3883 exempla
1942 3818 2100 3885 quae
2136 3798 2567 3864 Mommsenius
2614 3819 2731 3864 non
2768 3807 2861 3863 est
2904 3818 3106 3884 perse-

452 3909 646 3983 cutus,
677 3900 1122 3986 viderimusque
1156 3921 1352 3988 pauca
1387 3923 1522 3968 esse
1560 3910 1620 3968 et
1653 3904 2009 3988 plerumque
2048 3923 2116 3967 ex
2158 3901 2509 3967 coniectura
2539 3901 2680 3966 huic
2716 3903 2899 3966 aetati
2936 3900 3100 3966 assi·
3139 3925 3140 3928 ¹

452 4015 650 4091 gnata,
681 4006 775 4070 vel
808 4014 927 4070 tam
960 4007 1326 4071 continentia
1355 4006 1600 4070 saeculo
1631 4013 1802 4071 sexto
1834 4015 1896 4071 ut
1926 4008 2056 4071 eius
2096 4009 2292 4089 potius
2323 4006 2775 4071 consuetudinis
2803 4003 3104 4091 reliquiae

452 4109 576 4176 dici
620 4109 913 4185 debeant,
948 4109 1041 4173 vel
1073 4110 1201 4175 eius
1237 4111 1472 4194 generis
1509 4129 1668 4196 quae
1706 4108 1879 4173 aliter
1910 4110 2195 4195 explicari
2242 4111 2505 4195 possint;
2544 4109 2718 4174 facile
2748 4107 3104 4174 sententiam

452 4220 715 4278 nostram
750 4212 1068 4290 tuebimur,
1094 4230 1217 4295 qua
1239 4213 1576 4286 statuimus,
1610 4214 1630 4274 l
1661 4221 1873 4278 acutae
1907 4212 2065 4276 ultra
2095 4209 2266 4276 initia
2297 4212 2527 4277 saeculi
2561 4212 2799 4298 septimi
2829 4211 3109 4298 exempla

453 4337 588 4383 esse
633 4336 774 4382 rara
806 4323 866 4381 et
895 4334 1126 4402 sparsa,
1157 4336 1314 4400 quae
1352 4324 1444 4381 est
1478 4315 1744 4383 conditio
1780 4317 1971 4382 omnis
2004 4314 2468 4400 orthographiae
2499 4322 2561 4379 et
2604 4314 3003 4392 litteraturae,
3037 4322 3106 4379 ut

446 4428 691 4506 praeter
736 4439 957 4484 morem
1005 4416 1334 4484 identidem
1379 4428 1614 4485 veteres
1664 4417 1890 4484 formae
1935 4417 2319 4484 reviviscant.
2365 4418 2487 4483 Sed
2517 4418 2670 4484 haec
2716 4438 2869 4506 opus
2905 4424 3001 4486 est
3039 4425 3106 4485 ut

452 4522 748 4608 exemplis
794 4524 1064 4589 excussis
1110 4524 1378 4609 pressius
1422 4526 1922 4589 demonstrentur.
1975 4522 2165 4606 igitur
2210 4519 2368 4609 quae
2414 4530 2745 4589 extremum
2792 4524 3101 4589 saeculum

452 4634 963 4712 sextumtangunt
984 4646 1058 4692 ex
1083 4627 1387 4694 sententia
1410 4625 1807 4702 Mommsenii,
1834 4625 2092 4691 nummis
2116 4627 2497 4692 continentur
2521 4625 2753 4712 periodi
2776 4627 3102 4706 secundae,
