3440 5114
2846 251 2939 309 153

333 380 473 439 5¹7.
518 409 604 425 —
648 375 911 458 strigilis
958 375 1281 440 Praeneste
1328 378 1601 439 inventa:
1653 395 1810 439 nunc
1858 376 1916 439 in
1963 373 2345 439 bibliotheca*
2384 362 2842 440 Barheriniana.

543 584 833 649 ΑνΙΑΤΑ
1176 577 1349 640 Edidi
1390 577 1502 642 loc.
1541 578 1807 643 cit-tab.
1847 578 1961 648 Xl.
2001 581 2093 640 ⁴2.
2144 578 2339 642 Atana
2384 596 2602 641 nomon
2651 584 2744 641 est
2788 596 2967 658 grae-

1092 701 1226 744 cum
1275 681 1581 745 Minervae
1628 682 1834 744 dorica
1879 680 2178 757 dialect0‚
2214 689 2285 753 ‘et
2331 681 2526 764 potuit
2571 680 2713 745 huic
2755 680 2968 764 strigili

326 783 570 847 inscribi
620 794 683 849 ut
731 786 786 847 in
836 785 953 848 alio
1000 782 1216 866 strigili
1269 790 1647 857 «ἙΩΤΕΙΡΑ.

329 991 470 1050 518.
519 1019 597 1029 -
640 986 907 1069 Strigilis
955 987 1281 1051 Praeneste
1331 988 1577 1052 effossa:
1628 1008 1789 1053 nunc.
1837 989 1895 1051 in
1945 987 2311 1052 bibliotheca
2352 989 2805 1054 Barberiniana.

540 1200 863 1265 ΛΜΛΤΛ
1204 1192 1380 1258 Edidi
1429 1194 1541 1257 loc.
1590 1194 1689 1257 cit.
1739 1200 1856 1256 tav.
1895 1193 2014 1269 xl,
2059 1199 2157 1258 tt.
2207 1192 2534 1278 Perperam
2581 1194 2963 1259 Detlet'senus

1115 1298 1199 1361 sic
1245 1294 1571 1380 descripsit
1617 1302 2060 1368 Atmtxnmtx.
2113 1294 2333 1362 Atania
2376 1295 2590 1359 eodem
2640 1304 2815 1380 pacto
2868 1295 2960 1360 di-

324 1397 485 1464 citur
521 1419 590 1462 an
628 1402 821 1462 Atana
858 1398 981 1463 iota
1021 1399 1114 1465 vel
1157 1402 1381 1464 omisso
1422 1400 1513 1462 vel
1550 1400 1754 1462 addito
1784 1399 2186 1464 extrinsecus
2225 1399 2323 1462 Sic
2366 1398 2576 1461 Ἀτίυη
2617 1407 2675 1463 et
2711 1399 2960 1478 Ἀτηνία,

325 1500 528 1585 Stepli.
580 1503 652 1564 de
702 1503 835 1565 Urb.
884 1522 929 1564 S.
980 1524 1030 1564 v.

1227 1712 1397 1759 cistae
1433 1711 1544 1758 sive
1578 1723 1736 1758 arcae
1772 1716 2074 1759 balneares.

409 1912 647 1987 (Lis-tae,
687 1935 839 1998 quas
877 1915 1077 1985 aiunt,
1112 1933 1289 1980 arcae
1321 1922 1459 1979 sunt
1491 1916 1826 1979 condendis
1860 1914 2276 1979 instrumentis
2310 1914 2725 1992 balnearibus,
2758 1916 2967 2003 qualia

323 2024 462 2080 sunt
510 2016 804 2099 strigiles,
852 2018 1188 2094 alabastra,
1237 2020 1514 2104 specula,
1563 2018 2006 2091 discernicuta‚
2054 2020 2349 2104 pectineS,
2388 2022 2701 2104 spongiae,
2732 2004 2963 2097 thecae,

325 2118 622 2204 pyxides,
683 2120 1065 2197 linteamina,
1126 2142 1283 2206 quae
1343 2142 1771 2206 nonnunquam
1821 2123 1880 2184 in
1929 2125 2085 2186 arcis
2132 2122 2225 2185 his
2272 2121 2673 2205 praenestinis
2720 2125 2965 2190 inventa

321 2231 479 2286 sunt.
550 2222 774 2287 Harum
822 2223 1108 2288 cistarum
1156 2244 1414 2308 corpora
1459 2244 1641 2307 saepe
1690 2223 1901 2307 figuris
1948 2231 2243 2289 ornantur
2288 2223 2494 2289 incisis
2523 2274 2539 2301 ,
2585 2226 2771 2308 pedes
2815 2246 2962 2292 ana-

321 2325 595 2409 glyphis,
643 2328 962 2391 manubria
1006 2348 1146 2392 vcro
1185 2336 1462 2393 constant
1494 2329 1731 2410 sigillis,
1784 2328 1850 2391 ln
1881 2328 1972 2392 his
2006 2329 2303 2412 quaedam
2339 2330 2521 2392 etiam
2553 2327 2965 2397 inscribuntur

322 2447 491 2492 more
539 2430 697 2515 apud
744 2432 1009 2497 Graecos
1055 2440 1331 2517 recepto,
1381 2432 1618 2496 nomina
1668 2432 1914 2496 heroum
1962 2430 2318 2515 praesertim
2366 2432 2756 2516 deorumque.

321 2640 461 2700 519.
510 2668 582 2676 —
625 2638 691 2701 In
737 2639 978 2703 lamella
1022 2639 1293 2723 operculi
1345 2637 1728 2703 manubrium
1777 2639 2134 2703 sustinente.

531 2827 1031 2942 Ι-ΙΞ-ἶ-ἶ]
1365 2840 1693 2927 Descripsi.
1741 2840 2013 2908 Artifices
2062 2861 2487 2927 nonnunquam
2526 2842 2739 2907 litteris
2773 2842 2958 2908 veluti

1284 2944 1475 3027 signis
1522 2952 1803 3021 utuntur,
1850 2947 2174 3010 memoriae
2222 2960 2443 3022 causa,
2494 2952 2556 3009 ut
2601 2944 2704 3029 qui
2749 2947 2957 3029 pedes,

315 3068 552 3132 quaeve
600 3047 945 3121 manubria,
993 3069 1272 3132 quaeque
1321 3069 1527 3112 corum
1574 3056 1777 3133 partes
1823 3047 1999 3112 simul
2045 3047 2388 3132 iungendae
2436 3056 2493 3112 et
2532 3048 2753 3132 quibus
2791 3048 2958 3113 cistis

314 3152 616 3235 aptandae
663 3154 787 3216 sint
832 3151 1010 3216 facile
1060 3150 1546 3217 reminiscantur.
2867 3143 2876 3152 ’

319 3363 454 3422 520.
504 3396 581 3406 -
623 3357 688 3421 ln
740 3357 915 3423 trium
963 3358 1182 3443 pedum
1231 3355 1420 3423 cistae
1469 3356 1645 3420 unius
1691 3363 1862 3441 parte
1909 3324 2165 3442 postica.

530 3572 626 3638 ax,
692 3570 776 3638 Λ,
847 3572 858 3634 Ι
1200 3561 1526 3646 Descripsi.
1587 3561 1872 3626 Eiusdem
1922 3569 2172 3625 naturae
2219 3578 2289 3626 ac
2333 3561 2680 3646 superiores
2727 3560 2957 3625 litterae

991 3665 1004 3678 '
1122 3672 1263 3729 sunt
1318 3663 1396 3729 ah
1454 3662 1687 3729 artifice
1734 3662 2067 3748 supradicti
2115 3661 2319 3727 indicii
2366 3683 2551 3727 causa
2595 3661 2952 3747 insculptae.

317 3776 365 3839 Λ
414 3768 673 3832 litteram
720 3789 796 3834 an
846 3788 951 3853 pro
1003 3775 1048 3838 V
1095 3770 1330 3832 inversa
1375 3768 1564 3831 torma
1604 3769 1829 3850 scripta
1865 3768 1940 3830 sit
1977 3765 2120 3831 mihi
2163 3786 2278 3829 non
2318 3773 2575 3831 constat.
2623 3766 2885 3831 Litterae
2922 3789 2957 3830 a

313 3874 508 3937 forma
554 3873 793 3956 quidem
842 3873 1033 3935 latina
1077 3879 1198 3948 est,
1244 3873 1351 3936 sed
1398 3870 1456 3934 in
1502 3870 1594 3932 his
1641 3871 1826 3933 titulis
1874 3871 2203 3954 permixtae
2248 3868 2484 3934 litterae
2531 3869 2952 3945 inveniuntur,

315 3984 381 4041 ut
427 3977 483 4040 in
531 3981 885 4049 ΒΩΤΕΙΟΑ
936 3996 1044 4061 pro
1095 3981 1478 4049 ξΩΤΕΙΡΑ.

316 4186 456 4246 52¹.
505 4218 582 4227 —
637 4181 698 4244 [n
751 4181 918 4266 pedis
965 4182 1152 4245 cistae
1201 4179 1651 4264 praenestinae,
1700 4197 1858 4262 quae
1907 4178 1963 4244 in
2012 4177 2412 4243 Kirclieriano
2458 4183 2583 4250 est,
2630 4186 2801 4261 parte
2845 4198 2955 4263 po·

610 4286 757 4348 stica
802 4283 1177 4370 inscriptum.

529 4493 1041 4599 &⁴42³th
1391 4489 1672 4554 Testibus
1716 4489 2004 4554 adhibitis
2050 4489 2191 4554 viris
2239 4489 2442 4572 probis
2488 4497 2546 4552 et
2591 4489 2800 4553 harum
2849 4509 2950 4554 re-

1303 4614 1432 4659 rum
1478 4592 1858 4678 peritissimis
1906 4592 2120 4676 pedem
2157 4612 2191 4656 a
2224 4593 2373 4656 cista
2405 4592 2808 4658 amovendum
2842 4611 2949 4658 cu-
