3440 5114
2841 236 2938 295 1⁶⁵

319 364 462 423 545.
515 360 591 443 (ε
619 365 768 436 488,
820 361 909 439 ll,
957 361 1058 425 F‘.
1101 398 1180 408 -
1230 362 1478 427 Lamina
1522 380 1705 427 aerea
1749 361 1812 426 in
1857 380 2068 427 museo
2114 360 2502 428 berolinensi.

531 540 903 637 wib-Md:
927 571 1170 637 &Aa
1532 564 1697 631 Olim
1744 586 1780 632 a
1826 586 1919 629 me
1957 565 2323 650 descriptam
2360 563 2523 629 edidi
2559 526 2959 650 supplevique

527 675 995 741 Totus-PRO
1023 676 1174 741 ·ΡΟ
1453 671 1510 733 in
1554 671 1726 733 Actis
1769 669 1955 735 Acad.
1999 668 2241 733 Hercul.
2284 673 2435 733 ⁴85¹
2479 689 2535 753 p.
2566 673 2627 741 8,
2664 664 2959 755 praetoris

529 777 606 841 ΤΙ
634 799 650 815 ·
678 777 964 844 move·
996 778 1170 844 offo!
1455 792 1563 857 pro
1609 791 1748 856 pop.
1798 790 2013 855 nempe
2061 790 2173 855 pro
2221 771 2443 854 poplod
2491 772 2758 837 vicesma
2802 767 2962 855 parti

1455 875 1633 939 diove
1664 875 1939 939 dedront.
1990 873 2387 939 Mommsenio
2419 872 2647 957 placuit
2676 872 2963 956 supplere

306 998 361 1039 v.
408 983 446 1040 2
493 996 604 1062 pro
648 980 971 1062 potestati:
1033 998 1154 1062 quo
1215 976 1437 1042 deinde
1498 978 1814 1063 repudiato
1845 1028 1860 1054 ,
1921 976 2238 1061 amplexus
2283 984 2379 1041 est
2424 996 2531 1061 pro
2578 974 2804 1061 poplod
2851 975 2958 1039 diti

305 1079 485 1144 diove
532 1080 806 1145 dedront.
855 1080 1006 1144 Nota
1051 1079 1360 1164 praetoris
1409 1099 1566 1144 nom.
1616 1081 1773 1165 plur.

312 1288 453 1349 546.
502 1286 745 1368 (2:205,
792 1285 882 1359 ΙΙ,
929 1288 1016 1368 ο).
1057 1322 1133 1333 -
1183 1285 1437 1351 Lamina
1481 1306 1664 1352 aerea
1707 1289 1767 1351 in
1816 1305 2024 1352 museo
2072 1284 2473 1370 Neapolitano

517 1496 890 1561 tVNONEl
1258 1489 1348 1554 Nil
1394 1492 1584 1573 magis
1631 1489 1906 1557 varium:
1957 1509 2088 1555 nam
2136 1490 2302 1576 quod
2347 1489 2444 1553 hic
2489 1489 2731 1553 dativus
2776 1507 2956 1553 casus

531 1598 904 1665 t‘OVCtNA
1163 1602 1254 1657 est
1317 1592 1564 1658 lunonei
1629 1596 1934 1668 Loucina‚
1982 1595 2040 1657 in
2087 1592 2204 1658 alia
2251 1591 2479 1658 lamina
2521 1591 2812 1657 scribitur
2855 1590 2955 1656 lu·

1164 1716 1320 1760 none
1370 1695 1693 1772 Loucinai.
1740 1698 1881 1760 item
1927 1696 1986 1760 in
2035 1696 2155 1761 alia
2200 1696 2434 1761 lunone
2478 1695 2765 1761 Loucina.

314 1903 455 1964 547.
505 1902 578 1983 (=
600 1900 786 1975 207⁸,
832 1901 1046 1984 Suppl.
1097 1900 1207 1982 11).
1261 1936 1339 1948 -
1386 1902 1632 1966 Lamina
1679 1921 1863 1967 aerea
1907 1902 2049 1966 olim
2096 1902 2260 1986 apud
2307 1900 2393 1965 lo.
2433 1900 2610 1986 Bapt.
2650 1899 2740 1963 De
2777 1899 2957 1964 Rossi

611 2011 952 2068 coactorem
1002 2002 1430 2085 argentarium.
1481 2003 1548 2064 V.
1596 2005 1718 2070 tab.
1767 2005 1826 2080 1,
1875 2025 1930 2067 n.
1982 2010 2035 2081 t,
2083 2009 2141 2068 2.

968 2252 1004 2292 a
2308 2232 2339 2288 b

463 2402 1282 2471 ινΝοΝεψονειΝΛι
1731 2408 1887 2501 ιτς
2008 2362 2919 2519 εξαυμ-ξᾷἑδῆ

351 2450 425 2523 W
464 2506 1473 2575 DtOVtS·(ASTVD·t=A(¹TvD
1509 2455 1575 2526 m
1732 2496 1794 2579 t:
1917 2435 2072 2587 ’ἐξ
2102 2495 2165 2588 9
2194 2508 2258 2592 ξ
2286 2469 2446 2590 35
2476 2501 2541 2593 3
2570 2479 2637 2589 9.,
2661 2507 2726 2583 Ξ
2756 2486 2820 2587 ‘3
2853 2481 2890 2509 ⁸

395 2725 462 2790 ln
509 2722 752 2789 Seccbii
800 2723 1044 2788 schedis
1087 2731 1375 2789 accurate
1422 2723 1791 2790 delineatam
1836 2724 2079 2799 inveni,
2119 2725 2301 2791 hodie
2335 2725 2588 2791 dimidia
2616 2747 2761 2813 pars
2792 2736 2958 2794 extat

306 2832 366 2893 in
415 2848 622 2893 museo
667 2828 1027 2893 bononiensi
1075 2829 1270 2892 altera
1315 2826 1566 2892 dimidia
1610 2835 1715 2892 aut
1760 2827 1907 2892 latet
1952 2836 2057 2894 aut
2100 2829 2302 2914 periit.
2372 2828 2699 2894 Dimidiam
2760 2831 2956 2896 bono-

304 2932 577 2996 niensem
627 2930 820 2996 edidit
869 2931 1183 2996 Fabrettus
1231 2932 1289 2994 in
1330 2931 1568 3003 Lexico,
1601 2931 1763 2997 unde
1798 2930 1996 2996 hausit
2027 2930 2399 2997 Ritschelius
2431 2939 2492 2997 et
2523 2935 2958 2999 commentario

304 3036 606 3099 instruxit.
670 3035 1108 3121 supplementa
1151 3032 1422 3099 Fabretti
1469 3034 1669 3099 suere:
1724 3036 1957 3099 lunone
2008 3036 2557 3101 Loucinai-arnud
2605 3036 2824 3101 castud
2869 3037 2958 3102 fa-

308 3138 493 3202 citud.
560 3138 928 3202 Ritscbelius
972 3135 1234 3202 restituit
1278 3137 1405 3201 sic:
1468 3137 1698 3202 lunone
1755 3137 2127 3201 Loucinai-.
2157 3188 2214 3202 ..
2262 3138 2476 3203 castud
2528 3138 2755 3204 lacitud
2785 3191 2800 3218 ,
2848 3139 2961 3203 hoc

307 3248 436 3320 est,
484 3247 656 3305 casto
704 3241 881 3305 facto.
929 3241 1161 3304 Tertius
1207 3240 1375 3325 operi
1424 3241 1685 3304 accessit
1728 3239 2182 3314 Mommsenius‚
2233 3248 2440 3326 atque,
2488 3247 2557 3305 ut
2598 3243 2773 3317 solet,
2810 3242 2961 3306 alio-

312 3363 444 3408 rum
491 3343 928 3427 supplementis
973 3344 1311 3428 repudiatis
1357 3363 1574 3408 novum
1622 3344 1736 3408 hoc
1782 3344 1990 3407 dedit:
2061 3343 2294 3409 lunone
2354 3343 2800 3408 Loucinai-die
2852 3365 2958 3411 ne-

308 3446 506 3509 fastud
566 3446 814 3510 facitud.
881 3447 1001 3510 Sed
1060 3467 1287 3531 operae
1348 3445 1605 3530 pretium
1655 3455 1747 3510 est
1795 3444 2062 3511 rationes
2111 3449 2243 3512 eius
2293 3448 2355 3511 in
2403 3447 2664 3511 medium
2713 3447 2953 3513 afferre.

304 3547 496 3613 Tenet
526 3547 733 3635 itaque
763 3552 822 3614 in
855 3550 998 3613 add.
1033 3558 1093 3614 et
1123 3570 1280 3615 corr.
1314 3550 1392 3614 ad
1425 3550 1613 3615 Inscr.
1647 3550 1815 3613 latin.
1850 3551 2171 3635 antiquiss,
2205 3573 2263 3636 p.
2299 3552 2408 3614 56⁴
2468 3550 2683 3615 castud
2729 3550 2956 3616 facitud

306 3670 378 3715 ne
423 3651 697 3736 potuisse
742 3650 988 3735 quidem
1037 3653 1120 3716 ita
1164 3650 1394 3716 scribi:
1455 3676 1483 3710 «
1530 3651 1780 3715 offendit
1827 3650 2025 3727 enim,
2073 3653 2188 3717 hac
2237 3659 2440 3718 aetate
2490 3651 2690 3731 tituli,
2739 3651 2995 3717 facilus·

303 3774 414 3838 pro
480 3754 673 3818 sactus
719 3778 779 3815 ».
850 3753 975 3817 Sibi
1022 3773 1166 3818 vero
1213 3756 1400 3819 multo
1447 3755 1641 3838 magis
1689 3755 2020 3838 displicere
2065 3763 2330 3833 castum,
2377 3756 2537 3820 idest
2585 3779 2617 3815 ι(
2666 3741 2953 3838 ieiunium

303 3856 662 3921 translatum
709 3856 786 3919 ad
832 3875 1009 3921 sacra
1056 3858 1245 3930 deae,
1294 3859 1345 3920 si
1394 3877 1514 3941 qua
1558 3856 1681 3920 alia
1725 3866 1857 3932 est,
1908 3858 2085 3942 plane
2130 3876 2404 3933 romana,
2438 3877 2649 3941 quem,
2686 3859 2799 3934 ait,
2837 3878 2954 3923 non

302 3959 575 4024 novimus
625 3959 736 4023 nisi
786 3961 846 4024 in
895 3958 1084 4025 sacris
1132 3961 1552 4024 Romanorum.
1589 3961 1869 4044 graecis,
1919 3968 1981 4023 ut
2024 3967 2162 4024 sunt
2207 3961 2437 4031 Isiaca,
2486 3959 2850 4045 Cererisque
2894 3987 2951 4034 ι),

301 4059 468 4127 Haec
512 4061 980 4134 Mommsenius,
1027 4064 1254 4128 oblitus
1301 4063 1537 4127 scilicet
1580 4061 1861 4147 Magnam
1915 4063 2205 4137 Matrem,
2240 4061 2419 4129 cuius
2454 4064 2646 4144 gratia
2676 4063 2953 4140 Romani,

298 4170 361 4229 ut
402 4163 761 4229 Tertulliani
809 4165 1009 4230 verbis
1057 4173 1222 4241 utar,
1271 4165 1632 4252 exceptione
1678 4173 1985 4229 certorum
2035 4165 2375 4230 eduliorum
2422 4184 2489 4230 se
2529 4163 2952 4249 purificabant.

300 4268 402 4332 His
448 4266 642 4331 tribus
688 4277 906 4352 quarta
950 4270 1184 4333 accedit
1226 4290 1263 4333 a
1307 4267 1594 4333 Romanis
1644 4266 1857 4333 ieiunii
1906 4269 2204 4350 religione
2251 4269 2452 4343 culta,
2502 4268 2654 4334 luno
2701 4269 2953 4335 Lucina.

296 4368 472 4449 Quae
500 4371 647 4457 quia
675 4369 833 4434 aliae
865 4365 1218 4437 fereb‘antur
1248 4371 1533 4445 Iunones,
1567 4391 1807 4455 eaeque
1842 4372 2132 4447 Lucinae,
2160 4370 2349 4436 ferme
2393 4377 2461 4436 ut
2491 4372 2655 4456 apud
2687 4371 2952 4437 Graecos

299 4473 599 4559 Ilithyae,
662 4474 888 4538 dicitur
948 4492 1085 4538 esse
1132 4473 1360 4538 Lucina
1401 4474 1605 4548 Iovis,
1655 4473 1764 4538 illa
1810 4493 2064 4559 nempe,
2116 4494 2297 4559 quam
2344 4473 2776 4539 obstetricasse
2820 4474 2949 4539 Iovi

299 4575 545 4641 aiebant
590 4577 981 4661 parturienti,
1029 4597 1149 4660 quo
1199 4585 1469 4660 tempore
1517 4575 1796 4641 Minerva
1841 4597 1874 4639 e
1921 4578 2177 4642 cerebro
2215 4579 2345 4642 eius
2385 4569 2616 4643 a‘rmata
2651 4577 2951 4662 prosiluit,
