3440 5114
535 249 633 306 178

509 375 647 434 585.
696 369 772 455 (=
805 373 985 446 4183,
1034 367 1295 434 XXXVI
1342 367 1452 450 E).
1514 405 1591 415 --
1653 367 1981 432 Praeneste
2029 386 2261 431 corona
2306 368 2517 431 laurea
2563 384 2593 428 e
2640 382 2787 430 saxo
2834 362 3150 432 calcareo.

800 474 933 538 loco
979 491 1252 556 gemmae
1301 469 1511 536 titulus
1557 469 1811 554 legitur:

728 684 1481 756 ΡΟΙὶΤνΝΑῬΙὶΙΛΛΦ
1821 680 2049 744 Prodiit
2117 680 2174 742 in
2245 677 2650 764 Ephemeride
2721 673 2851 739 civ.
2923 673 3154 738 Cathol.

722 787 1193 855 bucillinum
1225 794 1390 855 ·ΛΛ·
1430 790 1467 853 Ρ
1729 781 1955 845 Charta
2003 801 2358 867 expressum
2420 781 2551 877 misi
2612 775 2985 852 Ritschelio,
3051 777 3152 861 qui
3255 815 3258 822 -

728 892 906 959 DON
935 913 951 931 ·
979 891 1219 958 ΟΕΟΙΤ
1729 886 1875 968 legit
1920 886 1983 948 in
2030 884 2244 948 Enarr.
2282 905 2339 969 p.
2383 889 2483 961 30,
2521 905 2578 949 v.
2611 886 2646 944 3
2695 887 2869 954 ΒΕΒΙ
2935 887 3156 965 putans

1739 990 1892 1054 l'orte
1938 988 2126 1052 fuisse
2177 993 2428 1060 ΟΕΒΙΤ.
2489 986 2754 1050 Fortuna
2799 984 3019 1067 Primgi
3066 989 3159 1047 est

1018 1091 1031 1105 ⁸
1083 1092 1093 1105 Ο
1148 1093 1158 1105 C
1210 1093 1222 1105 Ο

516 1301 654 1363 586.
704 1298 777 1381 (=
805 1299 905 1373 73,
940 1301 1082 1374 554,
1114 1297 1327 1382 Suppl.
1360 1297 1417 1361 11
1448 1296 1549 1379 Β).
1600 1328 1673 1337 —-
1723 1295 2049 1360 Praeneste
2096 1294 2155 1358 in
2203 1294 2395 1359 Domo
2442 1293 2775 1367 Cecconia,
2823 1292 3025 1379 lapide
3069 1293 3159 1357 al-

808 1401 1002 1478 bano,
1050 1419 1175 1466 ara.
1269 1427 1275 1436 ¹

724 1615 775 1680 Α
802 1609 845 1683 Ρ
877 1615 1099 1684 OLO
1130 1614 1182 1678 Ν
1618 1608 1930 1691 Descripsi
1978 1612 2242 1692 quatuor
2286 1607 2510 1691 primos
2557 1624 2769 1670 versus
2815 1607 2919 1690 qui
2959 1611 3165 1670 extant

727 1715 1227 1785 Messtmo,
1535 1710 1866 1796 chartaque
1926 1711 2219 1795 expressi.
2291 1709 2661 1773 Ritschelius
2717 1729 2752 1773 a
2810 1728 2904 1772 me
2951 1705 3164 1772 didicit

726 1818 1243 1887 MAGtSTERE
1533 1815 1631 1900 qui
1680 1815 2010 1879 citaveram
2070 1835 2332 1878 corworo
2391 1815 2451 1877 in
2497 1813 2710 1877 Annal.
2755 1813 2948 1876 lnstit.
2994 1819 3159 1896 ecty-

724 1923 1239 1990 CORAVEROR
1538 1938 1801 2003 pumque
1860 1937 1971 2003 per
2033 1917 2406 1981 Henzenium
2453 1935 2488 1980 a
2533 1915 2852 1981 Cicerchia
2910 1935 3165 2001 praene-

727 1995 1243 2095 cantemus*
1535 2021 1693 2111 stino
1740 2021 1855 2084 sibi
1903 2021 2156 2106 paravit.
2203 2019 2448 2085 Plenius
2488 2019 2707 2084 deinde
2737 2019 2888 2118 legit
2916 2018 3165 2084 Momm·

734 2130 776 2195 Q
807 2132 819 2194 Ι
852 2129 903 2194 Α
935 2131 989 2195 Ν
1023 2128 1159 2197 DO
1535 2123 1787 2204 senius,
1855 2125 1958 2210 qui
2029 2125 2375 2189 mortarium
2446 2144 2565 2207 quo
2636 2129 2904 2188 extrema
2965 2124 3164 2187 littera

1280 2293 1285 2296 .
1541 2227 1917 2293 obruebatur
1952 2231 2241 2293 excussit.
2292 2229 2544 2292 Ultimos
2578 2227 2730 2292 duos
2760 2230 2976 2292 versus
3008 2225 3162 2290 Cec-

518 2331 690 2397 conio
736 2332 1020 2416 episcopo
1066 2330 1396 2405 debemm,
1445 2350 1579 2395 nam
1613 2331 1945 2417 perierunt.
1980 2330 2301 2396 Dimidiam
2334 2332 2459 2394 sere
2490 2329 2948 2415 inscriptionem
2980 2329 3162 2394 bodie

518 2434 849 2499 desiderari
882 2433 1151 2499 nonnulli
1182 2434 1527 2519 opinantur.
1566 2433 1771 2501 Lectio
1804 2435 1947 2498 mihi
1980 2434 2132 2500 baec
2164 2440 2280 2498 est:
2320 2433 2595 2519 Apolloni
2622 2485 2633 2497 .
2658 2434 2917 2497 Metilios
2941 2486 2951 2496 .
2973 2430 3166 2514 Magi-

519 2537 761 2623 stere(s)
809 2545 1167 2604 coraveront
1210 2535 1255 2603 C
1283 2589 1294 2602 .
1323 2535 1536 2602 Anicio
1566 2587 1579 2601 .
1607 2536 1651 2601 L
1682 2590 1694 2601 .
1720 2536 2032 2623 St(atilio)‚
2081 2543 2363 2603 revocata
2403 2544 2457 2607 Τ
2496 2559 2568 2601 ex
2606 2556 2786 2602 versu
2825 2537 3161 2622 superiore.

526 2646 844 2714 RtANDO
894 2648 1223 2707 extremum
1270 2661 1514 2706 versum
1563 2641 1783 2706 litteris
1831 2642 1989 2706 infra
2033 2642 2361 2706 imminutis
2408 2642 2576 2705 dedit
2611 2639 2979 2706 Cecconius:
3023 2639 3163 2704 inde

462 2770 465 2773 ’
523 2742 951 2810 Mommsenius
1022 2746 1165 2809 lecit
1228 2745 1793 2829 pRobaROntque3
1861 2752 2330 2818 vaRlANDOm
2395 2746 2696 2830 supplevit
2755 2743 3162 2815 Bitschelius‚

523 2868 739 2933 nempe
785 2848 1172 2933 pingendum.
1219 2847 1365 2912 Mihi
1415 2849 1656 2914 videtur
1702 2847 1815 2913 levi
1866 2850 2308 2933 permutatione
2344 2850 2582 2913 litterae
2613 2849 2736 2911 nin
2769 2869 2826 2910 m
2855 2869 3034 2934 posse
3064 2869 3167 2913 ve-

523 2950 850 3017 rosimilius
911 2949 1147 3016 restitui
1204 2957 1448 3023 antam
1519 2958 1676 3025 00,
1737 2959 1804 3017 ut
1855 2951 2130 3034 magistri
2194 2952 2338 3015 illud
2385 2952 2548 3037 quod
2591 2951 2857 3017 Metilius
2903 2951 3164 3037 Apollini

523 3054 694 3120 dedit
736 3055 1037 3134 curarint,
1086 3074 1289 3141 aream
1336 3075 1477 3119 vero
1524 3054 1639 3140 ipsi
1689 3056 1987 3119 donarint.

1544 3233 1722 3277 Stet-e
1757 3230 2158 3284 praenestinae.

608 3361 1027 3440 Praenestini,
1075 3382 1211 3427 cum
1262 3363 1542 3447 sepulcra
1589 3363 1886 3429 haberent
1932 3365 1991 3426 in
2037 3364 2167 3428 solo
2214 3362 2456 3427 defossa
2502 3372 2561 3427 et
2605 3371 2764 3449 terra
2809 3362 3047 3438 obruta,
3084 3364 3167 3425 si-

526 3465 661 3547 gnis
707 3464 1073 3550 quibusdam
1119 3464 1216 3531 usi
1262 3474 1434 3545 sunt,
1483 3487 1671 3554 supra
1718 3475 1941 3531 terram
1987 3467 2227 3553 positiS,
2273 3467 2434 3531 unde
2482 3467 2582 3551 qui
2630 3466 2796 3532 locus
2843 3466 2959 3531 iam
3007 3475 3170 3530 esset

525 3574 859 3654 occupatus
904 3568 1175 3652 dignosci
1223 3579 1448 3656 posset.
1506 3570 1693 3635 Bases
1741 3572 2049 3653 signorum
2097 3571 2388 3635 rotundae
2435 3579 2612 3647 sunt,
2658 3570 2748 3635 vel
2794 3571 3164 3655 quadratae,

524 3674 584 3735 in
646 3672 869 3756 quibus
925 3671 1134 3738 titulus
1194 3674 1520 3758 inscriptus
1567 3682 1676 3739 est.
1745 3674 1937 3757 Signa
1982 3674 2241 3737 rotunda
2285 3675 2511 3759 passim
2557 3672 2617 3737 in
2664 3694 2842 3759 poma
2887 3674 3168 3738 desinunt

524 3776 599 3839 ad
660 3776 853 3841 instar
911 3778 1226 3860 pinearum
1286 3776 1527 3855 afficta,
1575 3786 1635 3841 ot
1678 3798 1754 3841 ex
1799 3776 2080 3863 capitulis
2127 3778 2437 3842 corinthiis
2486 3797 2917 3863 nonnunquam
2962 3797 3169 3842 assur-

525 3878 754 3958 gentia:
793 3876 888 3942 vel
928 3878 1275 3944 thoracibus
1314 3882 1668 3963 praesertim
1707 3879 2028 3944 mulierum
2068 3878 2490 3944 subiiciuntur.
2534 3880 2574 3938 V
2585 3880 2678 3944 ide
2707 3879 2867 3943 Diss.
2891 3880 3166 3945 Archeol.

525 3981 643 4045 vol.
684 3980 715 4044 1
765 4002 821 4065 p.
864 3986 980 4045 ⁴56
1028 4002 1196 4069 seqq.
1247 3983 1441 4048 Locus
1488 3986 1691 4048 varius
1740 3990 1830 4049 est
1876 3984 1977 4067 qni
2027 3982 2454 4068 inscriptiones
2501 3985 2736 4068 recipit.
2783 3983 2964 4048 Modo
3011 3986 3166 4048 enim
3269 4042 3276 4049 .

527 4084 589 4149 in
631 4082 839 4148 infima
879 4084 1026 4149 base
1076 4088 1253 4151 modo
1299 4085 1360 4149 in
1411 4108 1646 4153 summa
1691 4107 1848 4153 nunc
1895 4086 1956 4149 in
2004 4087 2202 4151 media
2248 4086 2630 4171 insculpunt:
2680 4107 2806 4152 mos
2854 4087 3031 4151 etiam
3079 4096 3170 4152 est

526 4186 834 4252 scribendi
880 4188 941 4252 in
989 4190 1182 4274 pineis
1230 4196 1291 4253 et
1336 4191 1394 4254 in
1442 4190 1696 4254 basibus
1745 4192 2097 4275 quadram,
2147 4210 2302 4275 quae
2351 4192 2548 4254 omnia
2595 4188 2795 4254 notavi
2833 4190 3171 4273 diligenter,

524 4311 599 4356 ne
657 4311 837 4376 quem
899 4291 1167 4377 decipiat
1225 4313 1396 4358 error
1454 4294 1833 4359 Mommsenii
1895 4292 2232 4358 iudicantis
2293 4315 2364 4357 ex
2412 4294 2543 4359 loco
2591 4294 2879 4378 inscripto
2928 4294 3002 4357 de
3047 4313 3169 4357 ma-

525 4394 635 4460 iori
681 4393 977 4460 minorive
1022 4395 1381 4481 antiquitate
1428 4396 1758 4463 titulorum.
1808 4396 1960 4460 Vide
1998 4399 2179 4461 etiam
2219 4399 2381 4461 dicta
2418 4396 2561 4462 mihi
2602 4398 2659 4460 in
2692 4397 2854 4460 Diss.
2888 4396 3166 4460 Archeol.

529 4519 587 4584 p.
638 4497 776 4563 ⁴57.
846 4499 1092 4565 Conieci
1155 4501 1215 4564 in
1277 4500 1438 4566 hunc
1497 4501 1693 4566 locum
1755 4500 1959 4565 titulos
2006 4519 2216 4565 omnes
2263 4504 2442 4566 etiam
2493 4502 2718 4566 saeculi
2765 4501 3049 4585 septimi,
3098 4519 3171 4563 ne

534 4599 985 4687 dispescerem‚
1033 4621 1192 4687 quae
1238 4605 1313 4669 ad
1362 4604 1607 4671 easdem
1656 4604 1917 4670 familias
1962 4602 2292 4689 pertinent.
