3440 5114
513 250 606 305 14⁴

485 335 623 435 179.
657 373 729 453 (ιτ
756 376 852 448 46,
888 372 934 433 Χ
969 372 1075 436 Dd
1096 372 1134 453 ).
1168 408 1250 420 —-
1283 373 1365 440 Ex
1405 392 1550 458 agro
1575 375 1949 440 Volcentano
1978 375 2246 440 allatum.
2279 372 2453 437 Nunc
2481 375 2541 437 in
2575 393 2784 438 museo
2813 374 3121 438 Vaticano.

1471 584 1637 650 ΚΕΙὶΙ
1669 606 1683 621 ·
1715 585 2135 652 vocoLOM

567 783 726 851 Puer,
766 782 878 847 alis
923 786 1255 849 instructus
1302 792 1485 870 atque
1533 779 2003 870 hypothymiade
2053 792 2329 868 comptus
2376 784 2528 849 duas
2575 782 2791 849 inflans
2837 781 3031 846 tibias

565 885 889 969 Descripsi.
956 884 1182 952 Littera
1219 909 1260 971 p
1306 888 1605 972 quadrata
1650 896 1784 960 est,
1842 909 1874 949 ο
1919 888 2153 952 mediae
2201 887 2469 963 formae,
2521 888 2543 949 l
2587 904 2743 971 pene
2791 880 3119 950 normalis:

479 989 632 1053 male
668 986 859 1072 igitur
894 989 1104 1055 titulus
1143 996 1236 1055 est
1262 990 1556 1055 hactenus
1588 990 1808 1054 editus.
1858 991 1922 1053 ln
1952 991 2212 1054 carmine
2248 988 2484 1059 saliari.
2516 993 2600 1052 ait
2636 989 2866 1067 FestuS,
2895 1008 2953 1072 p.
2980 990 3122 1059 ⁴22,

477 1090 667 1157 Gerus
713 1110 923 1156 manus
968 1091 1326 1177 intelligitur
1369 1098 1605 1157 creator
1651 1091 1867 1157 bonus.
1934 1096 1978 1155 Α
2030 1093 2398 1158 Graecorum
2460 1093 2595 1172 Κῆμ
2650 1098 2842 1155 ortum
2888 1090 3115 1155 Kerum

478 1195 676 1277 potius
722 1200 898 1278 puto:
946 1212 1084 1258 nam
1132 1194 1322 1260 Cetus
1367 1193 1456 1260 sic
1504 1195 1667 1260 nuda
1712 1214 1862 1259 voce
1910 1197 2029 1261 dici
2069 1195 2339 1280 poluisse
2374 1215 2492 1259 non
2521 1202 2761 1260 constat
2790 1194 2891 1278 qui
2926 1190 3120 1258 Cetus
3174 1246 3177 1247 γ
3266 1216 3280 1223 ·

475 1315 689 1361 manus
733 1302 839 1360 est.
886 1296 1047 1361 Nota
1088 1295 1344 1361 litteram
1397 1302 1439 1367 Κ
1485 1316 1554 1362 ex
1603 1316 1824 1379 graeca
1866 1298 2329 1362 consuetudine:
2382 1317 2515 1360 nam
2556 1294 2735 1380 prisci
2772 1294 2966 1361 Latini
2997 1314 3113 1360 non

477 1405 790 1484 usurpant.
1565 1400 1570 1404 ’

479 1606 615 1667 480.
667 1606 741 1685 (ε
769 1608 862 1683 Π,
908 1604 965 1669 X
1011 1604 1059 1669 E
1085 1605 1179 1683 e).
1226 1641 1307 1654 —
1356 1605 1444 1670 Ex
1491 1568 1646 1689 agro
1669 1603 1927 1672 hortano
1956 1607 2234 1672 allatum:
2273 1608 2523 1674 nuncin
2557 1626 2765 1672 museo
2799 1606 3110 1672 Vaticano.

1333 1815 1768 1887 LAvnRNM
1800 1839 1815 1855 ·
1846 1816 2248 1884 POCOerM

557 2018 712 2083 Puer
755 2017 950 2083 alatus
994 2038 1225 2084 ramum
1272 2025 1333 2082 et
1378 2025 1650 2103 pateram
1697 2018 1920 2083 serens.

555 2120 878 2206 Descripsi.
925 2120 1242 2185 Extremae
1288 2120 1444 2185 duae
1489 2121 1729 2186 litterae
1773 2143 1805 2183 ο
1851 2127 1993 2187 sunt
2038 2120 2272 2185 mediae
2321 2120 2575 2195 formae,
2619 2120 2844 2186 linitio
2878 2121 3111 2187 mediae

472 2223 611 2287 item
658 2228 751 2287 est
792 2223 1039 2288 formae.
1112 2222 1378 2289 Laverna
1433 2223 1636 2305 lucum
1695 2223 1910 2289 habuit
1967 2224 2058 2288 via
2117 2222 2353 2287 Salaria
2408 2230 2467 2287 et
2511 2223 2676 2287 sures
2723 2223 2838 2290 sub
2881 2224 3107 2298 tutela,

471 2343 656 2410 quam
701 2325 778 2390 ob
821 2344 1068 2391 causam
1118 2326 1281 2390 fures
1326 2326 1467 2390 olim
1514 2328 1651 2391 dicti
1698 2335 1839 2392 sunt
1885 2327 2295 2396 laverniones,
2336 2325 2489 2388 Fest.
2523 2330 2656 2389 ¹47.
2706 2325 2905 2391 Verba
2934 2327 3104 2391 deam

472 2428 845 2511 precantium
892 2428 1057 2511 leges
1105 2429 1261 2513 apud
1310 2426 1622 2509 Horatium
1667 2429 1777 2513 Ep.
1832 2436 1882 2505 t,
1937 2435 2033 2501 ¹6,
2079 2434 2192 2492 60:

1857 2532 2068 2619 pulcra
2115 2532 2391 2597 Laverna

933 2618 1024 2697 Da
1068 2633 1210 2699 mihi
1260 2633 1502 2711 fallere,
1551 2634 1624 2698 da
1674 2635 1896 2699 iustum
1941 2641 2343 2720 sanctumque
2390 2635 2575 2699 videri

930 2735 1179 2801 Noctem
1228 2736 1498 2821 peccatis
1545 2744 1604 2800 et
1649 2737 1965 2803 fraudibus
2012 2738 2209 2803 obiice
2253 2737 2497 2802 nubem.

472 2945 607 3005 480.
661 2943 855 3024 (τιὸ,
886 2942 934 3003 Χ
983 2941 1028 3004 Α
1060 2942 1145 3023 a).
1195 2980 1274 2992 —-
1321 2942 1481 3007 Olim
1530 2942 1589 3005 in
1638 2961 1846 3006 museo
1895 2942 2253 3027 Campanae.

1341 3151 1746 3218 SAll'l'VRNl
1779 3174 1793 3190 ·
1824 3151 2227 3219 POCOerM

546 3351 850 3438 Descripsi
890 3352 1119 3436 primus
1154 3352 1436 3437 edidique
1470 3350 1530 3416 in
1565 3353 1716 3418 Bull.
1744 3375 1918 3439 neap.
1945 3377 2080 3422 meo
2105 3376 2201 3422 an.
2233 3361 2287 3435 l,
2313 3376 2366 3439 p.
2392 3361 2498 3431 86,
2533 3357 2672 3420 inde
2707 3356 3096 3422 BitscheliuS.

461 3455 719 3521 vasculo
766 3455 996 3520 urceoli
1042 3455 1231 3520 forma
1276 3465 1367 3521 est
1413 3475 1620 3521 ansam
1670 3478 1849 3523 unam
1896 3458 2213 3537 habentis;
2260 3478 2441 3544 quam
2500 3457 2702 3541 poculi
2761 3461 2886 3523 sive
2946 3459 3096 3522 sim-

464 3559 586 3644 puli
631 3557 899 3645 speciem
945 3557 1380 3624 Mommsenius
1407 3560 1780 3626 oenochoen
1828 3563 2002 3638 dicit,
2048 3560 2413 3628 Ritschelius
2459 3561 2653 3626 ollam.
2723 3564 2807 3627 De
2853 3562 3097 3627 Saturni

458 3661 700 3727 nomine
732 3662 1008 3748 quaestio
1041 3668 1152 3726 est.
1201 3662 1573 3728 Ritschelius
1605 3665 1794 3729 multa
1823 3671 2199 3730 commentus
2232 3670 2321 3728 cst
2353 3664 2429 3728 de
2459 3667 2676 3749 supino
2704 3665 2903 3740 scitus,
2937 3665 3093 3729 unde

462 3765 695 3849 putavit
748 3762 1108 3830 Saeturnum
1168 3765 1583 3831 derivandum.
1655 3767 1722 3831 ln
1782 3768 2043 3852 epitome
2098 3768 2288 3831 Paulli
2337 3767 2575 3833 codices
2619 3774 2936 3832 servarunt
2977 3767 3094 3830 Sa-

459 3878 746 3942 teurnus,
804 3867 1119 3933 Saturnus.
1193 3870 1268 3933 At
1312 3869 1613 3935 Saturnus
1658 3870 1846 3935 habet
1889 3871 2081 3936 codex
2129 3871 2508 3938 farnesianus
2552 3870 2753 3947 Festi,
2798 3891 2920 3955 quo
2962 3871 3096 3936 loco

458 3969 737 4056 proxima
781 3968 991 4034 ordine
1036 3972 1331 4036 vocabula
1378 3993 1510 4037 cum
1549 3996 1579 4035 a
1621 3974 1855 4060 syllaba
1891 3975 2005 4037 Sar
2035 3973 2365 4044 ordiantur,
2400 3972 2765 4037 Merckelius
2802 3976 2888 4054 (in
2919 3971 3095 4038 Ovid.

462 4073 617 4139 Fast.
665 4072 979 4156 CCXXX)
1041 4073 1428 4140 scribendum
1493 4075 1941 4163 legendumque
2001 4079 2237 4162 putavit
2291 4095 2398 4162 pro
2456 4077 2714 4142 Saturno
2761 4076 3094 4150 Saturnus,

461 4177 693 4261 origine
739 4196 775 4240 a
821 4176 1136 4262 Sarpendo
1181 4181 1382 4243 ducta.
1434 4179 1559 4241 Hae
1609 4186 1805 4245 tamen
1853 4199 2059 4245 merae
2108 4199 2301 4262 nugae
2347 4187 2516 4244 sunt:
2566 4199 2700 4244 cum
2748 4181 2908 4243 enim
2955 4198 3097 4244 con-

458 4280 627 4343 tinuo
660 4286 795 4364 post
825 4277 1123 4345 Saturnus
1155 4280 1420 4361 legatur:
1468 4281 1755 4346 Saturnia
1784 4282 1955 4346 ltalia
1989 4284 2229 4346 Saturni
2262 4283 2394 4346 dies
2423 4282 2632 4352 festus,
2668 4288 2729 4346 et
2758 4282 2819 4345 id
2852 4282 3093 4365 quidem

457 4390 595 4447 ante
654 4382 953 4448 vocabula
1007 4382 1242 4469 syllaba
1303 4405 1405 4447 sar
1465 4384 1814 4469 incipientia
1872 4386 2250 4450 manifestum
2312 4394 2403 4450 est
2462 4386 2641 4450 etiam
2683 4384 2995 4448 Sarturnia
3036 4391 3097 4448 et

460 4486 728 4548 San-turni
768 4485 919 4560 dies,
968 4486 1131 4569 quod
1175 4509 1275 4549 aar
1320 4486 1614 4573 syllabam
1663 4496 1724 4551 et
1768 4489 1880 4552 ista
1929 4487 2327 4574 praecedant,
2362 4489 2488 4555 iere
2515 4486 2857 4572 legendam.
2904 4485 3092 4558 Aliam

458 4591 731 4655 ineamus
779 4586 952 4653 viam.
1001 4588 1194 4654 Varro
1245 4591 1355 4672 (de
1400 4589 1533 4658 1..1..
1585 4591 1691 4674 Vl}
1757 4591 1839 4656 ait
1897 4593 1955 4655 in
2014 4589 2287 4675 pluribus
2348 4588 2551 4655 verbis
2596 4610 2633 4653 a
2677 4596 2815 4655 ante
2860 4611 2889 4649 e
2945 4590 3095 4655 alios
