3440 5114
521 223 656 286 410·

492 350 552 413 di
584 367 768 434 opere
803 346 1144 413 idrauliche
1176 345 1420 412 antiche
1450 347 1772 412 rinvenute
1806 347 1965 412 nella
2006 345 2155 412 citta
2189 346 2247 411 di
2281 346 2527 431 Alatri).
2560 347 2831 412 MommS.
2862 346 3146 414 Bitsche-

492 451 638 516 lium
683 450 890 517 laudat
933 451 1097 534 quod
1142 457 1305 515 recte
1352 450 1751 536 explicaverit
1798 456 1905 524 Au
1944 456 2353 526 novom,
2387 452 2446 516 in
2488 452 2573 515 tit.
2608 452 2853 516 Aletrin.
2894 473 2952 539 p.
2993 456 3099 516 m
3132 505 3146 525 ‚

492 574 628 620 esse
675 574 874 619 arcem
918 553 1183 620 scilicet:
1230 554 1516 639 additque
1561 552 1831 618 fornices
1874 554 1975 639 qui
2009 555 2067 617 in
2102 554 2276 619 titulo
2310 552 2699 619 nominantur
2729 575 2834 619 eos
2865 574 3000 619 esse
3041 557 3147 639 qui

491 675 690 746 aquae
737 659 980 722 ductum
1028 657 1105 720 ad
1152 677 1353 742 arcem
1398 658 1832 723 sustinuerunt.
1878 658 1955 720 At
2001 655 2151 720 nihil
2198 658 2414 722 minus,
2460 657 2585 723 Nec
2631 659 2788 722 eni'm
2835 658 2914 722 ad
2945 677 3144 722 arcem

490 779 683 844 usque
727 779 924 845 aquae
969 758 1245 824 salientis
1291 760 1380 825 vis
1428 759 1622 844 potuit
1666 757 2033 844 pertingere,
2082 779 2191 824 nec
2237 761 2340 844 qui
2392 765 2696 833 ARCEM
2743 782 2798 826 v.
2834 765 2868 823 6
2900 761 3145 846 proprio

492 862 787 928 vocabulo
832 863 1184 947 appellavit,
1232 862 1454 928 deinde
1499 882 1635 928 eam
1671 868 2059 935 ARDVOM
2092 881 2345 927 vocasse
2375 860 2693 950 probabile
2726 861 2809 926 fit.
2854 862 3150 927 Fornices

495 965 596 1050 qui
641 966 818 1031 simul
864 986 1000 1032 cum
1047 964 1262 1031 fistulis
1308 965 1518 1031 solidis
1564 963 1705 1029 sacti
1753 965 2040 1030 dicuntur
2084 965 2122 1028 ii
2170 972 2329 1041 sunt,
2374 984 2633 1050 quorum
2677 966 2890 1031 ruinae
2948 965 3148 1031 adbuc

491 1071 769 1134 visuntur
802 1067 862 1133 in
909 1068 1086 1134 valle·
1127 1074 1527 1153 constantque
1558 1075 1734 1133 cocto
1767 1088 1799 1131 c
1833 1068 2043 1141 latere,
2076 1074 2339 1153 suntque
2384 1067 2525 1154 pilis
2571 1068 2855 1153 suspensi
2885 1068 3152 1152 quadra-

491 1174 581 1236 tis,
626 1171 899 1237 Porticus
946 1177 1159 1237 contra
1201 1173 1470 1237 constitit
1515 1191 1547 1235 e
1593 1171 1923 1245 columnis,
1970 1190 2226 1256 quarum
2271 1171 2453 1237 bases
2499 1171 2596 1236 his
2641 1172 2817 1236 annis
2872 1172 3148 1257 proxime

490 1273 692 1340 adhuc
737 1275 1233 1341 ostendebantur.
1296 1276 1538 1341 Arduus
1584 1275 1755 1340 locus
1803 1274 1906 1337 ille
1954 1282 2083 1347 est,
2131 1271 2191 1338 in
2242 1295 2423 1358 quem
2470 1294 2633 1360 aqua
2700 1275 2919 1340 fistulis
2976 1294 3149 1338 com-

434 1458 437 1461 *
493 1397 706 1462 pressa
734 1379 942 1444 solidis
975 1398 1047 1443 ex
1092 1378 1298 1444 infima
1340 1377 1495 1442 valle
1541 1377 1680 1443 salit
1722 1396 1834 1463 per
1863 1377 2052 1462 pedes
2097 1376 2373 1443 CCCXL.
2418 1378 2781 1443 Fistularum
2820 1376 3149 1442 solidarum

490 1482 789 1566 quaedam
836 1483 1170 1565 fragmenta
1212 1481 1447 1546 invenit
1497 1481 1559 1545 P.
1603 1472 1874 1564 ‘Angelus
1928 1479 2249 1556 Secchius‚
2296 1481 2410 1547 hae
2456 1500 2600 1547 vero
2660 1488 2967 1546 testaceae
3010 1487 3153 1546 sunt

488 1603 856 1670 crassaeque
900 1585 1027 1650 fere
1071 1582 1464 1670 semipedem.
1507 1584 1733 1648 Lacum
1780 1586 1961 1650 etiam
2010 1585 2085 1648 ad
2132 1592 2366 1668 portam
2424 1585 2472 1649 is
2536 1583 2847 1660 indicavit,
2903 1583 3031 1649 imo
3090 1592 3152 1648 et

487 1706 769 1773 campum
815 1685 918 1752 ubi
963 1686 1105 1752 olim
1151 1687 1438 1752 luderent
1482 1706 1519 1752 a
1564 1687 1724 1752 Varo
1772 1687 2027 1753 sactum:
2059 1686 2353 1752 subiectis
2408 1685 2569 1752 tubis
2622 1686 2968 1770 ingentibus
3003 1687 3154 1750 sub-

491 1788 823 1874 tilibusque
868 1810 942 1854 ex
989 1797 1145 1856 testa
1188 1808 1406 1874 porosa
1449 1791 1776 1872 strigarum
1829 1792 1884 1854 in
1930 1790 2174 1855 modum
2221 1789 2554 1874 dispositis,
2601 1791 2704 1876 qui
2752 1809 2969 1874 aquam
3012 1788 3174 1875 plu:

494 1895 650 1958 viam
697 1913 730 1959 e
775 1911 991 1977 campo
1037 1894 1352 1977 superiore
1396 1894 1456 1957 in
1503 1893 1696 1959 fossas
1730 1894 1898 1959 circa
1932 1912 2208 1978 campum
2247 1893 2467 1958 ductas
2499 1891 2910 1958 corrivabant.
2943 1891 3152 1972 Quare

491 2014 704 2080 campo
747 1994 1117 2062 Alatrinates
1161 1995 1264 2061 ubi
1309 1996 1588 2060 luderent
1631 1996 1716 2059 uti
1753 1994 1955 2059 hieme
1989 1998 2171 2060 etiam
2205 1994 2519 2059 commode
2560 2000 2905 2079 potuerunt.
2939 1993 3150 2078 Neque

490 2098 740 2164 obruam
783 2098 1024 2163 silentio
1072 2097 1267 2164 lacum
1313 2098 1390 2163 ad
1436 2106 1670 2184 portam
1720 2096 1902 2162 hodie
1951 2096 2188 2164 Seccbii
2248 2098 2500 2162 consilio
2556 2099 2846 2162 relectum
2910 2116 3147 2182 purga-

492 2191 758 2288 tumque,
802 2220 1024 2288 aquam
1070 2203 1285 2266 iterum
1325 2221 1399 2267 ex
1444 2221 1516 2266 eo
1549 2204 1796 2287 antiquo
1844 2202 2025 2266 ductu
2071 2201 2350 2287 excipere
2381 2202 2677 2287 coepisse.
2708 2200 2977 2266 Titulum
3008 2207 3150 2263 ante

490 2304 713 2370 bellum
757 2306 1075 2370 marsicum
1120 2303 1382 2391 positum
1429 2306 1656 2388 arguit,
1702 2306 1788 2371 ait
1833 2304 2137 2376 Momms„
2185 2304 2349 2389 quod
2395 2305 2619 2388 legitur
2646 2324 2703 2368 v.
2757 2309 2831 2368 ⁴4
2866 2309 3146 2380 senatum

490 2405 771 2494 Betilieni
815 2406 940 2473 filio
983 2408 1289 2494 stipendia
1331 2405 1617 2474 militaria
1663 2409 1877 2473 merita
1922 2428 2058 2474 esse
2103 2407 2380 2474 iussisse.

580 2510 760 2592 Quod
808 2510 952 2578 olim
1000 2510 1119 2577 dixi
1165 2513 1224 2577 in
1271 2531 1421 2578 voce
1468 2512 1661 2578 omnis
1705 2512 2304 2597 isupereminentem
2338 2511 2550 2589 videri,
2580 2511 2640 2578 id
2687 2530 2805 2577 non
2852 2508 3151 2576 affirmavi

496 2615 701 2700 lapide
744 2614 1055 2700 inspecto,
1101 2616 1211 2680 sed
1255 2617 1616 2681 auctoritate
1662 2615 1954 2702 Alphonsi
2002 2614 2214 2699 Giorgi
2261 2636 2440 2701 quem
2487 2635 2563 2680 ea
2606 2616 2683 2681 de
2728 2635 2796 2680 re
2842 2615 3147 2682 consului.

492 2716 624 2782 Vidi
670 2723 886 2802 postea
928 2737 1002 2783 eo
1048 2718 1106 2782 in
1154 2718 1286 2783 loco
1331 2718 1552 2783 detrito
1597 2718 1866 2817 aliquam
1910 2737 2047 2784 esse
2092 2717 2257 2783 illius
2308 2728 2321 2790 1
2371 2718 2633 2804 speciem
2678 2725 2929 2784 tantum.

497 2964 676 3024 ⁴518.
728 2993 803 3006 ·-
849 2958 1099 3033 Aletrii,
1144 2960 1200 3024 in
1246 2959 1500 3025 aedibus
1548 2957 1832 3046 publicis,

1466 3122 1883 3188 lvx-AFRENJ
1908 3122 2071 3189 SEX
2093 3152 2106 3165 ·
2128 3122 2165 3186 Ρ

1712 3225 1925 3292 ROM

573 3373 903 3462 Descripsi.
947 3374 1137 3458 Lege:
1185 3374 1262 3438 Μ.
1310 3372 1595 3440 Attenius
1641 3373 1719 3436 Μ.
1769 3374 1807 3437 s.
1854 3374 2132 3440 Romilia.

492 3605 674 3665 ⁴5⁴9.
719 3635 797 3646 —
840 3599 1050 3665 Aletrii
1097 3602 1156 3664 in
1204 3598 1460 3664 aedibus
1505 3597 1791 3684 publicis,

899 3781 1201 3840 (humator.)
1291 3762 1344 3827 Α
1371 3760 1425 3824 Τ
1452 3759 1494 3825 R
1522 3760 1588 3826 0
1622 3761 1677 3825 Ν
1712 3759 1753 3825 Ε
1786 3761 1798 3824 Ι
1833 3760 1869 3826 S

1303 3862 1744 3929 nvfnfitvs
1792 3890 1806 3905 ·
1855 3864 1945 3927 M
1996 3890 2008 3903 ·
2056 3860 2099 3926 C
2147 3889 2160 3902 ·
2213 3858 2332 3925 Ι.ΙΒ

1269 3966 1578 4037 ·ΡΗΙΙ,ν8
1627 3995 1641 4009 ·
1688 3966 1828 4033 SlBl
1873 3993 1886 4006 ·
1940 3964 2078 4031 ΕΤ·
2116 3962 2333 4030 svfits

1293 4070 1705 4137 vanfito
1755 4098 1768 4110 ·
1821 4073 1971 4135 M·
2025 4068 2062 4132 Ρ
2113 4096 2125 4111 ·
2175 4068 2328 4132 ΑΝΙ

1305 4173 1679 4239 κνΡΙὶΕΙΟ
1729 4202 1741 4214 ·
1796 4175 1886 4238 M
1938 4202 1950 4216 ·
2005 4172 2042 4236 Ρ
2092 4201 2105 4214 ·
2153 4170 2325 4235 ΑΝΙ

1296 4272 2331 4342 Ε(ΙΑΕ·Ι.·Ρ·ΡΟΒΙ[.Ι.ΑΕ·νΧΟ

1296 4375 2335 4446 ΙίνΡΙὶΕΙΟ·ΛΛ·Ρ-ΑΝΙ·οΑΙ.Ι.

1365 4482 1937 4551 aemam-1²
1990 4511 2003 4523 ·
2058 4479 2329 4546 DORCA

1547 4583 2330 4653 ΤΙΑΕ·Ι.·Ρ·ΙΝΡΑΕ·30
