3440 5114
2768 268 2838 328 ⁴³

225 388 448 453 Puncta
492 390 553 452 in
602 388 720 453 fine
767 408 1048 456 versuum
1094 388 1374 477 apposita
1418 399 1559 455 sunt
1604 400 1741 476 post
1785 390 1968 473 siglas
2013 399 2119 456 aut
2161 408 2342 456 voces
2388 391 2729 455 imminutas
2772 390 2886 455 id-‘

302 512 421 578 que
466 494 716 559 saeculo
763 494 1020 579 septimo
1058 496 1208 579 reip.
1248 494 1505 558 liberae:
1554 515 1751 579 neque
1797 493 1975 559 facile
2014 494 2266 559 vocibus
2302 492 2553 576 integris
2591 494 2859 559 additum

303 604 584 679 punctum
633 598 691 660 in
739 595 859 661 fine
906 618 1186 664 versuum
1234 600 1507 661 invenies
1553 604 1696 662 ante
1745 618 1967 663 annum
2013 601 2155 662 700.

1349 802 1518 876 CAP.
1574 800 1720 876 XX.

1180 965 1426 1009 canones
1459 959 1912 1023 ermon-putet„

221 1110 633 1176 Consonantes
692 1112 1041 1197 duplicandi
1091 1135 1240 1179 usus
1288 1113 1488 1199 coepit
1532 1121 1668 1178 ante
1718 1114 2013 1187 Ennium,
2069 1120 2206 1195 post
2249 1110 2511 1176 medium
2557 1111 2862 1176 saeculum

298 1224 530 1279 sextum
579 1216 857 1300 exempla
903 1215 1084 1279 babet
1131 1236 1268 1280 rara
1315 1237 1508 1300 usque
1556 1218 1630 1281 ad
1675 1236 1897 1279 annum
1943 1236 2002 1280 u.
2048 1236 2099 1279 c.
2146 1220 2285 1279 6¹20.

224 1316 369 1381 Usus
415 1318 566 1381 inde
614 1319 867 1383 invaluit
911 1320 1063 1383 adeo
1112 1327 1177 1383 ut
1221 1320 1296 1384 ab
1344 1340 1399 1384 a.
1446 1324 1565 1385 620
1613 1321 1688 1383 ad
1738 1321 1856 1384 670
1904 1316 2362 1383 consonantium
2420 1317 2857 1403 duplicatarum

301 1440 587 1485 numerus
633 1422 816 1506 duplo
864 1423 1119 1486 excedat
1167 1443 1283 1486 non
1332 1421 1686 1508 duplicatas.
1747 1421 1935 1503 Leges
1983 1422 2272 1506 paulatim
2318 1443 2354 1485 a
2402 1422 2650 1506 pristino
2696 1440 2859 1485 more

297 1524 645 1600 discedunt,
694 1526 883 1589 donec
931 1545 1217 1591 numerus
1267 1528 1703 1608 geminatarum
1749 1526 1826 1588 sit
1873 1524 1995 1587 fere
2043 1525 2280 1617 duplus,

220 1625 464 1691 Afflatus
512 1629 811 1692 vocalium
860 1630 1027 1693 initio
1075 1649 1289 1695 vocum
1339 1631 1598 1693 omissus
1636 1637 1730 1692 est
1767 1646 2015 1713 perraro
2047 1627 2231 1713 idque
2262 1635 2398 1714 post
2428 1628 2686 1692 medium
2719 1647 2856 1692 sae-

297 1731 499 1795 culum
548 1730 894 1818 septimum.
1624 1810 1631 1817 ,

216 1831 464 1898 Afflatus
524 1837 987 1900 consonantium
1047 1836 1352 1900 adhibitus
1412 1844 1503 1899 cst
1559 1836 1680 1899 fere
1737 1837 2081 1919 promiscue
2128 1835 2205 1898 ab
2252 1842 2447 1899 aetate
2493 1836 2858 1901 mummiana

293 1937 366 1999 ad
415 1957 468 2001 a.
517 1943 668 2002 66οῑ
718 1937 795 2002 ab
842 1959 894 2002 a.
946 1942 1064 2002 660
1115 1940 1189 2001 ad
1238 1942 1359 2003 700
1405 1937 1600 2020 magis
1639 1947 1733 2001 est
1769 1938 2164 2022 adspiratum‚
2208 1958 2319 2001 nec
2354 1945 2549 2002 tamen
2583 1938 2859 2022 exempla

293 2040 738 2123 adspiratarum
785 2042 921 2125 plus
967 2049 1184 2125 quarta
1228 2042 1319 2105 sui
1371 2051 1537 2126 parte
1585 2061 1901 2105 numerum
1952 2060 2065 2103 non
2116 2039 2559 2125 adspiratarum
2606 2041 2856 2105 excedit.

219 2150 293 2212 ΙΝ
346 2145 406 2206 in
455 2145 806 2228 compositis
852 2153 991 2208 ante
1042 2152 1082 2215 Ρ
1129 2144 1374 2208 saeculo
1422 2148 1675 2228 septimo
1725 2146 1874 2208 verti
1921 2145 2116 2228 coepit
2148 2143 2207 2207 in
2244 2150 2326 2214 lM
2371 2142 2627 2226 primum
2661 2152 2855 2209 aetate

295 2247 690 2311 mummiana:
740 2255 937 2312 aetate
988 2268 1126 2312 vero
1175 2248 1407 2312 sullana
1454 2256 1802 2312 constanter
1851 2254 1932 2319 ΙΜ
1987 2254 2327 2332 usurpatur.

213 2352 282 2411 At
327 2358 441 2434 Qv
490 2370 601 2435 pro
647 2356 740 2420 <V
789 2351 909 2415 fere
957 2352 1217 2436 pertinet
1262 2353 1338 2415 ad
1382 2354 1691 2417 saeculum
1742 2353 2058 2435 septimum
2108 2351 2389 2414 medium.
2473 2398 2478 2403 .

213 2457 300 2523 XS
346 2460 604 2536 apparet
637 2454 826 2537 primo
851 2452 913 2517 in
943 2454 1199 2538 epistola
1229 2454 1540 2519 consulum
1572 2475 1624 2518 a.
1656 2459 1796 2529 568,
1825 2454 2041 2517 deinde
2067 2450 2472 2517 adhibeturin
2499 2452 2854 2536 fragmentis

291 2555 522 2637 Legum
555 2576 607 2621 a.
641 2579 696 2621 u.
732 2561 996 2632 621-36,
1033 2562 1176 2622 643.
1214 2559 1484 2623 Tandem
1521 2566 1840 2622 revocatur
1871 2564 2066 2621 aetate
2101 2554 2389 2639 Augusti,
2425 2556 2480 2620 in
2515 2576 2636 2640 qua
2668 2578 2848 2623 usur-

293 2667 474 2743 patur
520 2660 888 2745 frequenter.

211 2760 467 2827 Nomina
515 2763 817 2828 secundae
864 2762 1285 2828 declinationis
1331 2767 1389 2829 in
1438 2769 1577 2838 OS,
1629 2770 1761 2835 ΟΜ
1812 2772 2054 2828 cessant
2089 2762 2252 2826 circa
2283 2763 2591 2828 saeculum
2625 2773 2854 2829 sextum

291 2865 588 2930 medium:
634 2863 959 2932 declinatio
1005 2863 1066 2930 in
1117 2873 1246 2941 VS,
1297 2873 1412 2939 νΜ
1465 2869 1627 2931 circa
1672 2887 1726 2930 a.
1761 2888 1816 2930 u.
1849 2886 1898 2930 c.
1936 2871 2053 2929 500
2103 2867 2194 2930 vel
2241 2866 2420 2951 paulo
2465 2875 2605 2931 ante
2642 2866 2852 2932 oritur.

208 2967 470 3034 Litterae
520 2966 730 3034 finales
776 2969 1145 3055 pertinentes
1192 2970 1267 3033 ad
1312 2969 1772 3033 declinationem
1813 2975 1950 3042 OS,
1989 2975 2118 3040 ΟΜ
2162 2970 2217 3032 in
2249 2970 2688 3054 antiquioribus
2719 2991 2850 3035 ser-

293 3080 496 3149 vatae,
543 3070 768 3137 deinde
802 3073 1028 3158 passim
1059 3074 1432 3137 omittuntur.
1488 3078 1527 3143 R
1562 3070 1731 3136 linita
1765 3070 1977 3136 tertiae
2012 3091 2144 3135 raro
2179 3090 2487 3156 apocopen
2522 3071 2850 3157 patiuntur,

292 3176 558 3260 itemque
606 3180 661 3244 Τ
708 3173 905 3240 finalis
951 3174 1271 3240 verborum
1318 3175 1561 3241 saeculo
1609 3177 1815 3260 quinto
1861 3181 1920 3239 et
1966 3181 2154 3239 sexto.

215 3284 254 3348 Ε
303 3290 409 3361 pro
458 3287 471 3348 Ι
523 3287 820 3364 usurpant
864 3277 1306 3363 antiquissimi3
1354 3280 1530 3343 buius
1578 3297 1725 3342 usus
1772 3279 2015 3342 saeculo
2063 3285 2230 3341 sexto
2278 3281 2395 3341 iam
2442 3267 2634 3343 rarior
2677 3287 2785 3344 est.

212 3381 456 3467 Antiqui
507 3381 687 3446 moris
725 3381 839 3447 fuit
886 3389 936 3452 ν
982 3389 1219 3446 vertere
1267 3379 1327 3445 in
1377 3389 1439 3453 0
1490 3381 1900 3464 subsequente
1940 3388 2014 3451 L:
2063 3388 2109 3451 V
2142 3381 2327 3453 velo
2361 3382 2702 3465 promiscue
2733 3384 2849 3447 iam

292 3484 616 3550 adhibetur
659 3485 855 3570 prima
899 3493 1065 3569 parte
1111 3485 1336 3549 saeculi
1383 3486 1579 3548 sexti:
1638 3485 1832 3547 rarior
1877 3483 2094 3547 deinde
2143 3491 2240 3557 0,
2297 3486 2540 3550 saeculo
2594 3487 2850 3570 septimo

293 3607 401 3672 per
458 3596 507 3660 v
568 3588 903 3673 scriptum,
972 3585 1187 3672 paucis
1248 3588 1434 3651 titulis
1496 3587 1805 3670 exceptiS,
1875 3589 1976 3670 qui
2038 3595 2302 3650 veterem
2363 3587 2851 3672 orthographiam

288 3693 627 3756 imitantur.

152 3863 164 3875 ⁶
204 3793 633 3880 Diphthongus
695 3799 800 3866 ΑΕ
857 3794 990 3859 loco
1038 3801 1112 3865 ΑΙ
1173 3796 1229 3858 in
1278 3792 1581 3858 radicibus
1629 3792 2060 3857 vocabulorum
2110 3791 2322 3878 incipit
2368 3793 2644 3877 usurpari
2690 3793 2850 3859 hello

289 3897 513 3983 punico
559 3900 795 3983 primo:
854 3899 1029 3961 durat
1076 3917 1216 3961 vero
1265 3898 1474 3982 paucis
1521 3896 1789 3981 exceptis
1836 3895 2080 3959 saeculo
2128 3903 2340 3976 sexto;
2386 3898 2581 3960 rarior
2625 3881 2744 3960 iam
2790 3897 2849 3961 in

286 4003 561 4087 septimo.

203 4111 305 4177 ΑΕ
351 4105 410 4168 in
458 4103 859 4168 declinatione
908 4123 1123 4167 vocum
1172 4103 1379 4187 incipit
1423 4110 1591 4187 parte
1638 4110 1908 4167 extrema
1949 4099 2174 4166 saeculi
2222 4102 2389 4165 sexti.
2449 4102 2626 4166 Circa
2671 4100 2847 4168 finem

279 4205 507 4290 saeculi
555 4204 792 4290 septimi
842 4213 901 4269 et
944 4213 1139 4269 aetate
1189 4213 1484 4288 augustea
1530 4213 1701 4269 vetus
1750 4211 1824 4275 ΑΙ
1875 4202 2193 4270 reviviscit.

203 4317 309 4381 Αν
356 4311 557 4395 coepit
617 4307 832 4374 mutari
893 4310 952 4371 in
1002 4314 1064 4378 O
1116 4315 1175 4372 et
1217 4315 1279 4379 0
1326 4310 1384 4371 in
1438 4314 1543 4378 Αν
1605 4308 1848 4372 saeculo
1908 4315 2121 4385 sexto,
2183 4309 2520 4392 mansitque
2581 4328 2726 4372 usus
2787 4309 2844 4371 in

283 4412 605 4500 perpaucis
650 4412 897 4477 saeculo
946 4413 1220 4495 septimo.

208 4524 273 4590 ΕΙ
321 4538 427 4602 pro
478 4525 491 4588 t
543 4515 720 4599 longo
767 4517 827 4580 in
874 4515 1182 4580 radicibus
1230 4535 1443 4580 vocum
1492 4515 1568 4579 ad
1615 4514 2093 4600 antiquissimam
2142 4515 2410 4597 linguam
2447 4516 2532 4579 sic
2564 4514 2842 4598 pertinet,

286 4629 352 4684 ut
394 4622 526 4687 eius
570 4621 948 4686 consuetudo
995 4639 1300 4705 nunquam
1347 4621 1424 4684 sit
1469 4618 1835 4685 intermissa.
