3440 5114
516 226 546 281 t

659 356 700 420 Ι.
734 346 952 415 Forma
981 345 1145 414 iotae
1175 356 1342 415 recta
1371 348 1483 414 suit
1512 356 1582 414 ut
1606 349 2093 415 Chalcidensium
2126 351 2211 415 ita
2237 349 2585 417 Latinorum
2616 352 2882 438 propria.
2907 351 3130 417 Achaei

486 458 693 516 contra
735 459 797 517 et
840 451 1027 538 prisci
1075 451 1368 518 Corinthii
1413 451 1541 518 iota
1584 460 1837 519 utuntur
1880 453 2164 539 angulato
2213 460 2291 529 Ι-ι,
2336 458 2415 535 fl,
2464 454 2558 519 vel
2591 455 2838 521 sinuoso
2885 469 2922 536 ρ
2970 455 3133 541 quod

487 556 563 620 ad
608 554 995 640 phoenicium
1042 557 1401 622 elementum
1447 576 1637 643 prope
1682 558 1946 636 accedit,
1993 577 2104 624 nec
2151 558 2263 623 nisi
2302 560 2498 625 serius
2544 556 2668 624 iota
2703 566 2930 625 rectum
2962 557 3134 624 adhi-

492 658 778 737 buerunt,
824 665 891 725 ut
934 666 1098 745 patet
1142 681 1217 724 ex
1264 659 1521 725 nummis
1567 659 2063 727 Cauloniatarum
2106 663 2168 727 in
2214 661 2420 739 ltalia,
2468 663 2571 748 qui
2619 664 2748 728 cusi
2794 669 2936 728 sunt
2978 662 3137 748 typis

489 762 547 826 in
596 762 798 827 antica
839 769 900 827 et
945 764 1179 848 postica
1209 764 1612 842 exstantibus,
1649 762 1712 827 in
1752 765 1975 850 quibus
2021 766 2366 850 angulatum
2414 767 2669 851 pingunt
2709 773 2847 831 ante
2877 766 3137 830 ionicam

489 865 887 933 litteraturam
961 874 1262 953 receptam
1335 872 2025 949 ΚΑνᾺΟΝι-ΙΑΤΑΜ,
2101 875 2310 954 postea
2382 876 2544 934 recto
2618 874 2866 935 utuntur
2942 874 3136 940 Kav-

494 975 985 1043 ΛΩΝΙΑΤΑξε
1028 978 1343 1057 utramque
1392 972 1640 1037 formam
1687 974 1942 1038 miscent
1986 973 2411 1039 Posidoniatae
2456 972 2515 1037 in
2565 991 2806 1040 nummo
2850 976 3138 1058 argenteo

491 1072 720 1149 serente
770 1092 983 1138 nomen
1033 1072 1296 1138 fluminis
1341 1073 1545 1148 Silari,
1593 1076 1652 1139 in
1700 1078 1871 1140 cuius
1916 1075 2118 1141 antica
2161 1076 2417 1159 legimus
2464 1082 2775 1152 ὶΞΜΟΓΙ,
2809 1075 2868 1140 in
2904 1074 3141 1160 postica

491 1194 634 1240 vero
686 1181 1001 1250 ΙΞΜΟΓΗ
1041 1182 1319 1249 ΛΝΙΙΞΜ·

665 1283 725 1349 Κ.
774 1279 977 1344 Prisca
1022 1288 1217 1355 aetas,
1265 1286 1329 1345 ut
1373 1281 1657 1364 probavi‘,
1705 1301 1742 1346 a
1789 1281 2157 1346 Graecorum
2203 1280 2406 1367 kappa
2448 1280 2771 1360 abstinuit,
2815 1283 3020 1366 itaque
3064 1299 3141 1345 ea

493 1388 697 1449 carent
740 1380 994 1461 Falisci,
1040 1390 1100 1448 et
1143 1384 1323 1447 modo
1369 1391 1442 1461 c,
1483 1384 1661 1449 modo
1693 1394 1761 1472 Q
1790 1386 1921 1449 eius
1951 1384 2085 1451 loco
2118 1386 2446 1470 usurpavit.
2479 1385 2804 1467 Singulare
2833 1391 2926 1449 est
2966 1389 3133 1456 ΚΕΙὶΙ

492 1495 558 1551 ut
601 1485 719 1550 dixi
766 1506 981 1572 supra,
1029 1507 1139 1551 nec
1183 1488 1337 1552 sorte
1384 1506 1419 1551 a
1464 1488 1652 1553 latino
1697 1486 1975 1562 homine,
2023 1508 2135 1553 nec
2178 1488 2422 1552 nomine
2471 1488 2822 1572 profectum.
2882 1487 3032 1552 Nam
3078 1488 3137 1550 in

491 1590 753 1655 carmine
798 1590 1014 1655 Saliari
1061 1592 1221 1676 apud
1269 1589 1599 1655 Varronem
1647 1589 1764 1675 (de
1810 1589 1944 1655 L.L.
1994 1589 2143 1665 Vll,
2190 1592 2313 1675 26)
2379 1597 2717 1664 DVONVS
2764 1595 3003 1664 (ERVS
3054 1593 3138 1662 ΕΞ

493 1711 610 1757 non
662 1698 898 1765 KERVS
942 1693 1198 1776 legimus
1238 1693 1347 1777 (t).

584 1794 727 1860 Eam
754 1794 1018 1880 denique
1052 1795 1308 1861 litteram
1340 1794 1535 1861 Latini
1567 1795 1878 1882 recepisse
1906 1797 2186 1863 videntur
2213 1817 2347 1863 cum
2384 1817 2529 1862 usus
2564 1795 2815 1863 invaluit
2836 1796 3144 1861 nominum

492 1899 923 1981 signandorum
969 1919 1078 1985 per
1119 1900 1333 1983 siglas,
1373 1908 1436 1966 et
1476 1900 1591 1964 hoc
1636 1902 1898 1986 oportuit
1942 1901 2241 1966 elemento
2288 1902 2555 1965 Kaisones
2586 1901 2685 1986 qui
2723 1900 3150 1986 praenomina-

496 2003 717 2067 bantur
760 2022 795 2065 a
840 2002 1005 2066 caiis
1052 2002 1459 2085 distinguere,
1508 2003 1673 2089 quod
1723 2023 1832 2068 nec
1878 2004 2100 2068 vellent
2143 2011 2454 2089 assumpta
2512 2006 2703 2069 altera
2755 2004 2956 2068 littera
3012 2000 3146 2067 sive

495 2105 687 2171 vocali
735 2113 798 2170 ut
842 2104 899 2169 in
945 2103 1037 2167 Ti.
1084 2125 1191 2190 pro
1238 2105 1485 2171 Tiberio
1514 2156 1529 2183 ,
1591 2107 1720 2171 sive
1781 2106 2125 2172 semivocali
2173 2115 2237 2171 ut
2282 2108 2340 2171 in
2388 2106 2494 2171 Cn.
2541 2127 2650 2186 pro
2698 2106 2922 2170 Cnaeo.
2989 2104 3142 2170 Sero

495 2207 814 2273 invaluisse
859 2207 1097 2271 videtur
1140 2208 1415 2272 doctrina
1445 2228 1602 2293 quae
1632 2207 1873 2274 iuberet
1914 2208 2177 2273 scribere
2215 2211 2414 2295 potius
2457 2209 2657 2295 kappa
2700 2228 2879 2295 quam
2919 2212 2962 2278 C
2999 2214 3140 2272 ante

494 2312 763 2376 vocalem
810 2331 876 2383 a,
926 2311 1096 2375 cuius
1143 2317 1339 2375 tamen
1386 2330 1581 2397 pauca
1624 2313 1901 2397 exempla
1941 2312 2310 2388 invenimus,
2356 2331 2552 2396 eaque
2596 2310 2819 2377 saeculi
2866 2310 3137 2395 septimi,

494 2413 701 2500 qualia
743 2420 884 2477 sunt
922 2419 1133 2485 ivon<
1171 2414 1230 2478 in
1272 2412 1440 2479 titulo
1477 2412 1782 2500 Scipionis
1818 2414 2085 2500 hispani,
2129 2421 2171 2486 Κ
2207 2435 2315 2501 pro
2350 2415 2600 2480 kardine
2630 2416 2691 2478 in
2724 2415 2903 2500 cippo
2940 2412 3138 2479 Grac-

497 2517 720 2596 chano,
763 2522 1212 2598 ΚΑΒΤΟΙΝΞ,
1253 2523 1587 2591 ΚΑΓΝΑΕ
1624 2518 1683 2582 in
1723 2516 1922 2605 lapide
1958 2517 2298 2604 puteolano,
2332 2515 2530 2584 medio
2562 2518 2687 2583 sere
2719 2517 2831 2583 hoc
2868 2516 3134 2595 saeculo,

499 2643 621 2706 qua
665 2628 862 2687 tamen
909 2628 1104 2687 aetate
1161 2628 1502 2686 constanter
1554 2622 1875 2689 adhibetur
1931 2622 2132 2707 kappa
2175 2620 2237 2686 in
2291 2628 2481 2693 KAL.
2528 2621 2736 2707 ltaque
2780 2623 2837 2685 in
2883 2619 3140 2686 nummis

494 2724 850 2790 familiarum
897 2725 1147 2808 legimus
1192 2733 1327 2789 ante
1373 2747 1424 2789 a.
1464 2746 1523 2790 u.
1554 2744 1607 2788 c.
1648 2729 1804 2804 680,
1857 2731 2154 2797 ΚΑιΕΝΙ
2206 2726 2266 2790 in
2312 2726 2569 2790 vasculis
2615 2724 3096 2789 sancaesarianis
3124 2774 3139 2800 ,

505 2836 550 2900 Ι.
583 2857 598 2874 ·
638 2833 885 2901 kaim,
938 2833 1094 2898 ΚΑΙ.
1132 2855 1195 2902 ·,
1254 2834 1699 2900 ΙΝΤΕΩΚΑΙ..

585 2931 911 2996 l‘romiscui
944 2932 1125 2995 moris
1157 2931 1493 3016 exemplum
1526 2930 1820 2996 habemus
1846 2930 1907 2996 in
1932 2929 2191 2996 nummis
2224 2930 2660 2998 Canusinorum
2693 2950 2940 2996 romano
2978 2936 3136 3015 typo.

499 3033 558 3098 in
608 3032 832 3118 quibus
877 3033 1053 3098 modo
1106 3038 1239 3106 ΚΛ,
1288 3035 1463 3098 modo
1511 3040 1614 3107 (Α
1664 3035 1952 3120 scriptum
1998 3035 2356 3120 reperimus.

670 3142 728 3213 te,
770 3145 841 3208 v.
901 3135 1065 3200 Haec
1108 3143 1198 3199 est
1244 3135 1653 3202 vetustissima
1698 3137 1891 3202 forma
1935 3144 1997 3200 ut
2042 3155 2079 3199 a
2123 3135 2654 3210 Chalcidensibus,
2699 3138 2783 3201 ita
2824 3157 2861 3201 a
2909 3135 3140 3200 Latinis

501 3247 815 3323 usurpata,
848 3257 982 3303 cnm
1012 3237 1389 3303 Achaeorum
1423 3241 1669 3325 propria
1697 3247 1759 3303 et
1786 3239 1991 3304 lonum
2021 3247 2180 3303 esset
2210 3237 2448 3304 inversa
2479 3246 2554 3309 Λ.
2588 3240 2824 3322 Argivis
2849 3238 3071 3324 placuit
3097 3243 3138 3309 lx

499 3344 793 3408 eminente
838 3342 1038 3427 apice,
1078 3361 1232 3427 quae
1280 3343 1467 3406 forma
1512 3343 1692 3407 etiam
1740 3363 1776 3406 a
1819 3341 2047 3406 Latinis
2094 3349 2154 3407 et
2196 3341 2446 3408 Faliscis
2486 3344 2637 3408 adeo
2677 3349 2919 3429 recepta
2954 3349 3046 3407 est
3075 3348 3141 3407 ut

499 3447 687 3511 forma
731 3443 973 3510 cursiva
1010 3453 1042 3514 Ιι
1093 3445 1230 3509 inde
1276 3447 1595 3524 emanarit;
1641 3444 1909 3531 itemque
1962 3452 2007 3516 L
2050 3446 2407 3532 quadratum
2447 3466 2567 3530 quo
2615 3452 2863 3536 utun-tur
2906 3445 3140 3531 Neapo-

496 3548 662 3615 litani
698 3549 755 3611 in
791 3568 1029 3613 nummo
1062 3567 1098 3611 a
1130 3567 1222 3611 me
1258 3549 1416 3611 edito
1456 3548 1633 3630 (Bull.
1663 3549 1828 3615 arch.
1866 3569 2039 3633 neap.
2069 3569 2165 3613 an.
2200 3550 2245 3626 l,
2272 3548 2393 3613 tab.
2420 3548 2552 3633 lv),
2587 3554 3135 3621 νεΟΠΟΜΤΕς,

499 3659 557 3715 et
602 3649 922 3716 Malienses
974 3655 1302 3724 ΜΑιΙΕξ,
1342 3651 1417 3714 de
1462 3670 1582 3737 quo
1627 3659 1841 3737 postea
1885 3651 2100 3716 dicam.

670 3760 776 3824 ΛΛ.
823 3751 953 3817 Hac
986 3753 1158 3819 unice
1190 3755 1378 3818 forma
1410 3755 1502 3819 vel
1532 3754 1647 3818 hac
1684 3763 1739 3826 Μ
1781 3755 2157 3819 brevioribus
2188 3752 2399 3819 mediis
2432 3753 2632 3833 lineis,
2658 3761 2975 3841 utramque
2998 3774 3140 3819 vero

496 3854 778 3922 cruribus
807 3853 1177 3931 divaricatis,
1210 3855 1400 3920 Latini
1435 3855 1709 3922 scribunt
1742 3864 1810 3922 ut
1842 3854 2115 3921 Cumani.
2150 3856 2425 3922 Formam
2458 3854 2637 3922 huius
2669 3855 2951 3924 elementi
2985 3877 3141 3943 quae

502 3966 733 4025 constat
775 3956 1044 4045 quinque
1091 3956 1267 4023 lineis
1310 3970 1409 4035 m,
1458 3980 1761 4046 quamque
1807 3959 1983 4025 etiam
2029 3959 2214 4025 habet
2256 3980 2362 4025 vas
2407 3979 2659 4026 aeneum
2696 3980 3033 4037 cumanum,
3069 3979 3145 4024 ea
3217 3980 3254 3998 ³

502 4064 579 4127 de
623 4081 810 4128 causa
853 4062 1038 4127 Latini
1087 4068 1474 4147 receperunt,
1521 4072 1587 4128 ut
1629 4064 1841 4144 siglam
1889 4061 2292 4148 exprimerent
2333 4061 2768 4149 praenominis,
2812 4063 3138 4148 M‘(anium)

502 4165 617 4231 hac
664 4166 896 4230 ratione
941 4184 978 4228 a
1028 4166 1276 4248 M(arco)
1327 4164 1788 4246 distinguentes,
1835 4174 1900 4231 ut
1948 4166 2303 4250 t((aisonem)
2344 4186 2378 4231 a
2414 4167 2625 4250 ((aio).
2673 4165 2875 4232 Habes
2907 4167 3138 4232 titulum

501 4269 945 4355 praenestinum
991 4272 1060 4348 ΛΝ
1091 4296 1106 4313 ·
1140 4274 1443 4342 Poenici
1478 4303 1493 4320 ·
1526 4274 1568 4340 l(
1594 4302 1610 4319 ·
1643 4275 1682 4340 Ρ
1704 4298 1719 4315 ·
1759 4271 1861 4354 qui
1906 4268 2220 4355 utriusque
2265 4270 2456 4354 siglae
2504 4269 2839 4354 exemplum
2874 4269 3138 4356 praebet.

601 4514 671 4583 (¹)
708 4511 882 4566 Lectio
917 4517 1164 4581 corrupta
1200 4513 1252 4564 in
1290 4511 1402 4564 eod.
1438 4511 1711 4564 florentino
1763 4511 2358 4577 nvomscssm·838‚
2413 4529 2569 4582 quam
2617 4512 2837 4565 tentavit
2878 4511 3134 4565 hlullerus

516 4599 706 4655 dnonas
733 4599 950 4660 cerasis.
988 4597 1151 4653 Codd.
1176 4597 1333 4650 Goth.
1355 4597 1617 4653 Haunien.
1644 4598 1750 4652 duo
1771 4596 1938 4654 Paris.
1958 4605 2011 4651 et
2035 4597 2406 4654 Ambrosianus
2428 4597 2682 4671 praebent
2706 4599 2903 4653 duona:
2922 4614 3133 4655 cerusa.
