3440 5114
471 218 570 273 264

440 338 625 402 multo
691 336 1083 422 posteriorem
1147 337 1308 402 hello
1372 337 1633 402 marsico
1701 336 2008 422 pertinent
2075 337 2383 420 legionum
2456 338 2821 420 agnomina:
2894 346 3094 403 tamen

438 441 556 524 leg.
605 447 672 512 Vt
729 448 795 516 F,
842 443 958 524 leg.
1005 446 1099 513 ΧΙΙ
1157 440 1295 519 Ful,
1341 440 1591 523 glandes
1636 442 1693 504 in
1748 441 1966 504 Piceno
2015 446 2074 503 et
2118 440 2193 503 ad
2240 439 2486 504 Truenti
2538 442 2726 526 ripam
2774 448 3096 506 narrantur

440 544 746 609 inventae:
797 564 907 608 nec
953 550 1194 608 constat
1238 564 1357 629 qua
1402 542 1523 608 alia
1566 544 1796 607 ratione
1842 541 2206 627 compendia
2251 544 2486 626 possint
2521 542 2810 628 suppleri,
2839 541 2955 607 nisi
2986 562 3098 628 per

438 646 736 727 legionem
784 655 1013 713 sextam
1060 647 1342 711 ferratam
1389 653 1451 711 et
1492 647 1913 711 duodecimam
1971 645 2386 730 fulminatam,
2425 665 2609 730 ,quae
2667 653 2809 712 sunt
2869 645 3091 712 aetatis

439 748 889 833 imperatoriae.
932 748 1191 814 Videtur
1234 750 1415 830 igitur
1462 770 1567 835 pro
1614 757 1778 814 certo
1827 749 2168 814 habendum
2209 756 2451 835 praeter
2495 748 2904 814 obsidionales
2942 749 3093 815 alias

442 853 623 917 etiam
671 852 923 936 glandes
968 851 1220 938 reperiri
1267 852 1435 917 circa
1478 873 1552 917 ea
1596 852 1731 917 loca
1776 852 1878 916 ubi
1926 853 2073 917 olim
2123 852 2469 917 obsidiones
2513 852 2710 917 factae
2755 859 2933 930 sunt,
2982 854 3096 918 ali-

441 953 594 1019 bive.
642 954 891 1020 Interim
937 977 1111 1033 cum,
1160 976 1314 1041 quae
1364 975 1575 1021 revera
1619 956 1693 1019 ad
1742 955 2023 1021 Asculum
2071 954 2394 1041 pertinent,
2443 956 2704 1020 nondum
2750 954 2900 1020 satis
2948 975 3094 1020 con-

404 1065 589 1136 stet,
637 1079 844 1124 carum
894 1060 1186 1124 rationem
1231 1079 1367 1123 esse
1413 1060 1751 1124 habendam
1801 1056 1984 1132 duxi,
2036 1079 2192 1144 quae
2238 1061 2296 1123 in
2346 1060 2566 1123 Piceno
2615 1068 2675 1123 et
2719 1061 2794 1123 ad
2841 1059 3092 1124 Truenti

442 1162 636 1245 ripam
693 1162 972 1228 inventae
1030 1163 1363 1227 traduntur.
1424 1163 1831 1228 Falsariorum
1878 1162 2043 1226 fraus
2090 1164 2147 1226 in
2196 1162 2356 1227 nullo
2404 1163 2521 1226 alio
2570 1169 3092 1227 monumentorum

443 1285 665 1348 genere
712 1268 904 1350 magis
952 1265 1295 1348 effingendo
1343 1286 1408 1330 se
1452 1264 1567 1332 hac
1612 1273 1820 1331 nostra
1865 1273 2062 1332 aetate
2098 1264 2388 1341 exercuit,-
2431 1285 2611 1350 quam
2656 1264 2717 1332 in
2762 1264 3091 1350 glandibus

443 1367 678 1432 bellicis
721 1368 1045 1454 inscriptis.
1091 1367 1486 1453 Experientia
1530 1390 1664 1434 mea
1709 1371 1924 1434 doctus
1972 1369 2209 1434 duobus
2258 1370 2380 1433 sere
2417 1367 2684 1434 millibus
2716 1369 3090 1443 examinatis,

441 1472 808 1536 reiiciendas
854 1471 1035 1537 docui
1084 1493 1157 1537 ex
1192 1470 1376 1537 illatis
1409 1476 1465 1536 in
1500 1493 1775 1537 museum
1807 1471 2257 1557 neapolitanum
2289 1471 2561 1556 quinque
2594 1478 2654 1536 et
2686 1470 3091 1557 septuaginta,

446 1594 603 1660 quae
661 1595 700 1638 a
759 1574 1016 1660 quodam
1076 1575 1315 1640 homine
1371 1577 1654 1641 asculano
1701 1577 1857 1640 dono
1901 1573 2131 1652 missa,
2176 1576 2511 1659 eodemque
2557 1573 2703 1639 vitio
2752 1574 3094 1654 laborantes

446 1678 523 1742 ad
591 1677 751 1742 mille
813 1685 872 1741 et
938 1679 1411 1763 quadringentas
1478 1699 1635 1764 quae
1703 1679 1863 1765 apud
1932 1678 2159 1744 March.
2209 1678 2342 1743 Car.
2390 1678 2689 1743 Stozzium
2755 1678 3094 1743 Florentlae

446 1778 588 1856 vidi,
634 1782 776 1845 item
822 1802 972 1867 quas
1011 1781 1416 1847 Tomasettius
1448 1802 1555 1867 per
1590 1783 1930 1847 lnstitutum
1961 1782 2354 1848 Borussicum
2388 1782 2657 1865 vulgavit
2695 1780 2874 1864 (Bull.
2910 1784 3095 1862 ⁴872,

450 1885 796 1966 ⁴25-428);
845 1885 1184 1970 eodemque
1231 1884 1291 1949 in
1338 1907 1522 1950 censu
1570 1885 1764 1951 babeo
1811 1887 2053 1951 unicam
2100 1886 2260 1950 illam
2300 1906 2337 1950 a
2368 1884 2543 1950 Rossi
2580 1883 2767 1951 Scotti
2798 1885 3091 1970 perusino

450 1985 679 2052 editam
728 1988 975 2071 (Giorn.
1023 1986 1083 2051 di
1134 1990 1393 2072 Perugia
1441 1994 1622 2066 ⁴859,
1657 1989 1795 2072 65),
1826 1998 2150 2075 praeterea
2177 1987 2310 2054 illas
2341 1989 2753 2076 praegrandes
2787 1986 2848 2053 in
2881 2009 3093 2054 museo

406 2090 589 2154 *olim
636 2089 999 2176 Campanae,
1048 2093 1208 2177 apud
1258 2090 1640 2158 Cardinalem
1674 2093 1987 2173 Alterium,
2021 2092 2298 2177 aliosque
2329 2099 2601 2157 extantes
2634 2111 2790 2176 quae
2824 2093 3096 2157 seruntur

444 2193 652 2257 Asculi
708 2203 1009 2279 repertae,
1055 2195 1115 2258 in
1163 2194 1408 2261 fornace
1455 2196 1713 2281 quadam
1761 2197 1837 2261 ad
1885 2216 1989 2261 eas
2035 2195 2269 2261 flandas
2313 2203 2555 2281 parata,
2616 2203 2796 2279 quam
2835 2201 2898 2259 et
2941 2192 3090 2259 mihi

449 2302 753 2362 ostensam
800 2296 1064 2362 memini.

446 2469 590 2534 935.
643 2472 714 2554 (ε
742 2470 920 2552 644).
968 2500 1044 2512 -
1088 2469 1152 2533 In
1198 2468 1334 2553 ripa
1378 2468 1629 2534 Truenti
1677 2476 1939 2554 reperta.
1989 2468 2096 2534 Est
2139 2467 2201 2533 in
2249 2469 2671 2536 Kircheriano.

1650 2596 1915 2661 ROMA

530 2726 860 2813 Descripsi.
907 2727 1184 2806 Quatuor
1229 2748 1303 2792 ex
1348 2726 1441 2791 his
1487 2747 1682 2813 nuper
1727 2735 2001 2812 repertas
2045 2728 2108 2793 in
2153 2747 2301 2811 agro
2347 2730 2694 2795 cortonensi
2742 2728 2862 2795 vidi
2927 2731 3090 2816 apud

447 2829 827 2895 Grazzinium
875 2832 1307 2912 negotiatorem
1355 2828 1764 2915 antiquarium
1804 2828 2168 2896 Florentiae.
2207 2832 2366 2914 Lege
2398 2834 2807 2898 Romanorum
2845 2834 3095 2917 (nempe

451 2933 837 3017 funditores).

449 3109 590 3171 936.
620 3084 860 3190 (2:645).
881 3105 1039 3169 —In
1064 3104 1303 3171 flumine
1324 3106 1607 3171 Truento.
1630 3107 1736 3170 Est
1754 3107 1815 3169 in
1839 3126 2047 3171 museo
2069 3106 2489 3184 Kircheriano,
2513 3115 2573 3173 et
2597 3107 2657 3173 in
2682 3108 3094 3194 Neapolitano,

1693 3234 1888 3299 ΙΤΑΙ.

498 3349 861 3436 ,Descripsi.
906 3348 1065 3432 Lege
1112 3347 1459 3415 Italicorum
1509 3349 1761 3434 (nempe
1805 3348 2202 3434 funditores).

449 3523 589 3586 937.
634 3564 708 3573 -
754 3521 821 3586 In
871 3519 1291 3586 Kircheriano.
1680 3528 1864 3594 HA}-

531 3644 860 3728 Descripsi.
908 3642 1068 3726 Lege
1114 3640 1568 3707 Hatrianorum.

454 3788 594 3880 938.
640 3818 907 3901 (2648).
950 3857 1027 3866 -
1071 3817 1140 3880 In
1189 3818 1428 3881 Piceno.
1658 3823 1888 3888 TRH‘t

455 3994 595 4054 939.
643 3990 711 4074 (-
736 3990 908 4073 649).
951 4025 1028 4035 —-
1074 3989 1278 4056 Asculi
1324 3996 1582 4074 reperta.
1634 3988 1738 4054 Est
1781 3991 1841 4054 in
1887 3989 2314 4056 KireherianO.

1696 4116 1863 4181 FER!

531 4245 858 4332 Descripsi.
906 4246 1126 4312 Hostes
1172 4255 1606 4333 persequentes
1652 4245 1911 4312 Romani
1955 4247 2090 4327 hoc,
2138 4246 2268 4323 feri,
2316 4266 2498 4333 saepe
2544 4247 2994 4313 succlamabant
3026 4264 3092 4309 se

449 4348 708 4415 invicem
754 4352 1156 4432 cohortantes.
1206 4351 1358 4416 Plut.
1405 4352 1462 4414 in
1508 4349 1811 4425 Marcello,
1851 4356 1916 4414 8:
1965 4349 2062 4412 Ἐν
2092 4352 2225 4422 ταῖς
2251 4350 2490 4433 μάχαις
2521 4352 2648 4411 ὅταν
2678 4348 2930 4410 διώκωσι
2964 4346 3095 4421 τοὺς

447 4454 757 4529 πολεμίους,
799 4455 1002 4517 πυκνὸν
1044 4455 1104 4517 τὸ
1151 4454 1302 4538 φέρι,
1346 4452 1587 4517 τουτέστι
1636 4456 1770 4517 παῒε
1813 4455 2228 4536 παρεγγυῶσιν
2273 4454 2560 4524 ἀλλῇλοις.
2621 4452 2844 4516 Locum
2890 4452 3097 4514 citavit

450 4556 679 4621 dudum
714 4542 1010 4623 Melchior
1042 4556 1309 4621 Delficus
1345 4556 1551 4638 (Delle
1585 4554 1826 4621 antiche
1858 4553 2122 4640 ghiande
2155 4554 2390 4632 missili,
2423 4556 2661 4642 Napoli,
2693 4558 2875 4637 ⁴826,
2906 4575 2978 4639 p„
3003 4553 3093 4637 8).
