<?xml version="1.0" encoding="UTF-8"?>
<!DOCTYPE html PUBLIC "-//W3C//DTD XHTML 1.0 Transitional//EN"
    "http://www.w3.org/TR/xhtml1/DTD/xhtml1-transitional.dtd">
<html xmlns="http://www.w3.org/1999/xhtml" xml:lang="en" lang="en">
 <head>
  <title>
</title>
<meta http-equiv="Content-Type" content="text/html;charset=utf-8" />
  <meta name='ocr-system' content='tesseract 3.04.00' />
  <meta name='ocr-capabilities' content='ocr_page ocr_carea ocr_par ocr_line ocrx_word'/>
</head>
<body>
  <div class='ocr_page' id='page_1' title='image "./syllogeinscript01garrgoog_0060.png"; bbox 0 0 3440 5114; ppageno 0'>
   <div class='ocr_carea' id='block_1_1' title="bbox 580 252 653 309">
    <p class='ocr_par' dir='ltr' id='par_1_1' title="bbox 580 252 653 309">
     <span class='ocr_line' id='line_1_1' title="bbox 580 252 653 309; baseline 0 0"><span class='ocrx_word' id='word_1_1' title='bbox 580 252 653 309; x_wconf 65' lang='lat' dir='ltr'><em>u</em></span> 
     </span>
    </p>
   </div>
   <div class='ocr_carea' id='block_1_2' title="bbox 520 367 3203 2219">
    <p class='ocr_par' dir='ltr' id='par_1_2' title="bbox 538 367 3198 666">
     <span class='ocr_line' id='line_1_2' title="bbox 538 367 3197 459; baseline -0.002 -22"><span class='ocrx_word' id='word_1_2' title='bbox 538 368 676 446; x_wconf 84' lang='grc' dir='ltr'>ὈΕ</span> <span class='ocrx_word' id='word_1_3' title='bbox 722 372 1131 458; x_wconf 74' lang='lat' dir='ltr'>diphthongus</span> <span class='ocrx_word' id='word_1_4' title='bbox 1175 373 1375 438; x_wconf 83' lang='lat' dir='ltr'>medio</span> <span class='ocrx_word' id='word_1_5' title='bbox 1422 374 1665 439; x_wconf 83' lang='lat' dir='ltr'>saeculo</span> <span class='ocrx_word' id='word_1_6' title='bbox 1712 375 1967 459; x_wconf 76' lang='lat' dir='ltr'>septimo</span> <span class='ocrx_word' id='word_1_7' title='bbox 2014 373 2224 458; x_wconf 78' lang='lat' dir='ltr'>incipit</span> <span class='ocrx_word' id='word_1_8' title='bbox 2268 374 2464 438; x_wconf 91' lang='lat' dir='ltr'>locum</span> <span class='ocrx_word' id='word_1_9' title='bbox 2511 380 2714 436; x_wconf 77' lang='lat' dir='ltr'>tenere</span> <span class='ocrx_word' id='word_1_10' title='bbox 2761 367 3197 451; x_wconf 68' lang='lat' dir='ltr'>013fluctual</span> 
     </span>
     <span class='ocr_line' id='line_1_3' title="bbox 609 474 3198 563; baseline -0.002 -23.933"><span class='ocrx_word' id='word_1_11' title='bbox 609 484 840 542; x_wconf 80' lang='lat' dir='ltr'>lamen</span> <span class='ocrx_word' id='word_1_12' title='bbox 888 478 1061 541; x_wconf 89' lang='lat' dir='ltr'>annis</span> <span class='ocrx_word' id='word_1_13' title='bbox 1107 477 1316 559; x_wconf 75' lang='lat' dir='ltr'>viginti</span> <span class='ocrx_word' id='word_1_14' title='bbox 1366 478 1487 540; x_wconf 77' lang='lat' dir='ltr'>sere</span> <span class='ocrx_word' id='word_1_15' title='bbox 1536 477 1948 563; x_wconf 74' lang='lat' dir='ltr'>promiscuuS,</span> <span class='ocrx_word' id='word_1_16' title='bbox 1996 495 2118 561; x_wconf 88' lang='lat' dir='ltr'>qua</span> <span class='ocrx_word' id='word_1_17' title='bbox 2162 484 2358 541; x_wconf 76' lang='lat' dir='ltr'>aelate</span> <span class='ocrx_word' id='word_1_18' title='bbox 2403 496 2597 539; x_wconf 77' lang='lat' dir='ltr'>murus</span> <span class='ocrx_word' id='word_1_19' title='bbox 2642 494 2752 558; x_wconf 91' lang='lat' dir='ltr'>pro</span> <span class='ocrx_word' id='word_1_20' title='bbox 2795 474 3014 536; x_wconf 80' lang='lat' dir='ltr'>moirus</span> <span class='ocrx_word' id='word_1_21' title='bbox 3049 490 3198 536; x_wconf 90' lang='lat' dir='ltr'>con-</span> 
     </span>
     <span class='ocr_line' id='line_1_4' title="bbox 644 578 2586 666; baseline 0 -24"><span class='ocrx_word' id='word_1_22' title='bbox 644 588 902 657; x_wconf 75' lang='lat' dir='ltr'>stanter,</span> <span class='ocrx_word' id='word_1_23' title='bbox 949 582 1119 644; x_wconf 79' lang='lat' dir='ltr'>ludus</span> <span class='ocrx_word' id='word_1_24' title='bbox 1163 599 1269 666; x_wconf 91' lang='lat' dir='ltr'>pro</span> <span class='ocrx_word' id='word_1_25' title='bbox 1317 581 1502 644; x_wconf 77' lang='lat' dir='ltr'>laidus</span> <span class='ocrx_word' id='word_1_26' title='bbox 1544 589 1650 646; x_wconf 75' lang='lat' dir='ltr'>aul</span> <span class='ocrx_word' id='word_1_27' title='bbox 1694 583 1888 643; x_wconf 83' lang='lat' dir='ltr'>loedus</span> <span class='ocrx_word' id='word_1_28' title='bbox 1931 582 2236 644; x_wconf 82' lang='lat' dir='ltr'>rarissime</span> <span class='ocrx_word' id='word_1_29' title='bbox 2281 578 2586 646; x_wconf 84' lang='lat' dir='ltr'>scribitur.</span> 
     </span>
    </p>

    <p class='ocr_par' dir='ltr' id='par_1_3' title="bbox 556 679 3200 872">
     <span class='ocr_line' id='line_1_5' title="bbox 556 679 3200 769; baseline -0.002 -22"><span class='ocrx_word' id='word_1_30' title='bbox 556 690 679 754; x_wconf 83' lang='lat' dir='ltr'>OV</span> <span class='ocrx_word' id='word_1_31' title='bbox 739 683 1144 768; x_wconf 82' lang='lat' dir='ltr'>diphthongus</span> <span class='ocrx_word' id='word_1_32' title='bbox 1203 703 1312 768; x_wconf 89' lang='lat' dir='ltr'>pro</span> <span class='ocrx_word' id='word_1_33' title='bbox 1361 692 1447 756; x_wconf 83' lang='lat' dir='ltr'>Ol</span> <span class='ocrx_word' id='word_1_34' title='bbox 1513 683 1770 769; x_wconf 86' lang='lat' dir='ltr'>primum</span> <span class='ocrx_word' id='word_1_35' title='bbox 1819 684 2155 769; x_wconf 80' lang='lat' dir='ltr'>exemplum</span> <span class='ocrx_word' id='word_1_36' title='bbox 2204 683 2383 747; x_wconf 76' lang='lat' dir='ltr'>habel</span> <span class='ocrx_word' id='word_1_37' title='bbox 2423 682 2487 747; x_wconf 91' lang='lat' dir='ltr'>iu</span> <span class='ocrx_word' id='word_1_38' title='bbox 2534 683 2797 746; x_wconf 81' lang='lat' dir='ltr'>carmine</span> <span class='ocrx_word' id='word_1_39' title='bbox 2841 679 3200 764; x_wconf 69' lang='lat' dir='ltr'>Protogenis</span> 
     </span>
     <span class='ocr_line' id='line_1_6' title="bbox 644 787 1381 872; baseline 0.004 -22"><span class='ocrx_word' id='word_1_40' title='bbox 644 789 889 851; x_wconf 84' lang='lat' dir='ltr'>saeculo</span> <span class='ocrx_word' id='word_1_41' title='bbox 937 787 1061 851; x_wconf 82' lang='lat' dir='ltr'>fere</span> <span class='ocrx_word' id='word_1_42' title='bbox 1106 788 1381 872; x_wconf 77' lang='lat' dir='ltr'>septimo.</span> 
     </span>
    </p>

    <p class='ocr_par' dir='ltr' id='par_1_4' title="bbox 561 891 2627 975">
     <span class='ocr_line' id='line_1_7' title="bbox 561 891 2627 975; baseline 0 -21"><span class='ocrx_word' id='word_1_43' title='bbox 561 896 623 960; x_wconf 91' lang='lat' dir='ltr'>O</span> <span class='ocrx_word' id='word_1_44' title='bbox 672 910 743 955; x_wconf 84' lang='lat' dir='ltr'>ex</span> <span class='ocrx_word' id='word_1_45' title='bbox 791 896 910 962; x_wconf 83' lang='lat' dir='ltr'>OV</span> <span class='ocrx_word' id='word_1_46' title='bbox 957 897 1149 954; x_wconf 77' lang='lat' dir='ltr'>ortum</span> <span class='ocrx_word' id='word_1_47' title='bbox 1196 892 1440 956; x_wconf 82' lang='lat' dir='ltr'>sacculo</span> <span class='ocrx_word' id='word_1_48' title='bbox 1486 892 1724 975; x_wconf 74' lang='lat' dir='ltr'>quinto,</span> <span class='ocrx_word' id='word_1_49' title='bbox 1774 891 1912 955; x_wconf 84' lang='lat' dir='ltr'>inde</span> <span class='ocrx_word' id='word_1_50' title='bbox 1958 892 2226 957; x_wconf 76' lang='lat' dir='ltr'>manavit</span> <span class='ocrx_word' id='word_1_51' title='bbox 2268 893 2326 955; x_wconf 92' lang='lat' dir='ltr'>in</span> <span class='ocrx_word' id='word_1_52' title='bbox 2374 899 2627 955; x_wconf 78' lang='lat' dir='ltr'>sextum.</span> 
     </span>
    </p>

    <p class='ocr_par' dir='ltr' id='par_1_5' title="bbox 563 989 3200 1080">
     <span class='ocr_line' id='line_1_8' title="bbox 563 989 3200 1080; baseline -0.001 -27"><span class='ocrx_word' id='word_1_53' title='bbox 563 992 870 1059; x_wconf 82' lang='lat' dir='ltr'>Vocalium</span> <span class='ocrx_word' id='word_1_54' title='bbox 920 998 1002 1069; x_wconf 84' lang='grc' dir='ltr'>Α,</span> <span class='ocrx_word' id='word_1_55' title='bbox 1056 1000 1123 1068; x_wconf 77' lang='grc' dir='ltr'>Ε,</span> <span class='ocrx_word' id='word_1_56' title='bbox 1173 1000 1266 1070; x_wconf 88' lang='lat'>0,</span> <span class='ocrx_word' id='word_1_57' title='bbox 1316 1001 1362 1065; x_wconf 85' lang='lat' dir='ltr'>V</span> <span class='ocrx_word' id='word_1_58' title='bbox 1411 990 1741 1080; x_wconf 79' lang='lat' dir='ltr'>duplicatio</span> <span class='ocrx_word' id='word_1_59' title='bbox 1788 995 2035 1059; x_wconf 76' lang='lat' dir='ltr'>inducta</span> <span class='ocrx_word' id='word_1_60' title='bbox 2081 995 2321 1060; x_wconf 83' lang='lat' dir='ltr'>sacculo</span> <span class='ocrx_word' id='word_1_61' title='bbox 2353 1002 2521 1059; x_wconf 76' lang='lat' dir='ltr'>sexto</span> <span class='ocrx_word' id='word_1_62' title='bbox 2553 992 2808 1057; x_wconf 74' lang='lat' dir='ltr'>excitata</span> <span class='ocrx_word' id='word_1_63' title='bbox 2838 998 2897 1056; x_wconf 80' lang='lat' dir='ltr'>el</span> <span class='ocrx_word' id='word_1_64' title='bbox 2927 989 3200 1055; x_wconf 77' lang='lat' dir='ltr'>adhibita</span> 
     </span>
    </p>

    <p class='ocr_par' dir='ltr' id='par_1_6' title="bbox 605 1093 3164 1183">
     <span class='ocr_line' id='line_1_9' title="bbox 605 1093 3164 1183; baseline -0.002 -23"><span class='ocrx_word' id='word_1_65' title='bbox 605 1097 890 1162; x_wconf 81' lang='lat' dir='ltr'>-sacculo</span> <span class='ocrx_word' id='word_1_66' title='bbox 935 1095 1225 1183; x_wconf 74' lang='lat' dir='ltr'>septimo,</span> <span class='ocrx_word' id='word_1_67' title='bbox 1273 1099 1534 1162; x_wconf 84' lang='lat' dir='ltr'>Suasorc</span> <span class='ocrx_word' id='word_1_68' title='bbox 1581 1096 1796 1170; x_wconf 77' lang='lat' dir='ltr'>Accio,</span> <span class='ocrx_word' id='word_1_69' title='bbox 1844 1100 2205 1181; x_wconf 76' lang='lat' dir='ltr'>duravitque</span> <span class='ocrx_word' id='word_1_70' title='bbox 2252 1100 2325 1163; x_wconf 86' lang='lat' dir='ltr'>ad</span> <span class='ocrx_word' id='word_1_71' title='bbox 2373 1097 2601 1163; x_wconf 84' lang='lat' dir='ltr'>Sullam</span> <span class='ocrx_word' id='word_1_72' title='bbox 2651 1116 2843 1182; x_wconf 87' lang='lat' dir='ltr'>usque</span> <span class='ocrx_word' id='word_1_73' title='bbox 2887 1103 2948 1159; x_wconf 76' lang='lat' dir='ltr'>el</span> <span class='ocrx_word' id='word_1_74' title='bbox 2991 1093 3164 1157; x_wconf 80' lang='lat' dir='ltr'>ultra.</span> 
     </span>
    </p>

    <p class='ocr_par' dir='ltr' id='par_1_7' title="bbox 563 1200 3199 1379">
     <span class='ocr_line' id='line_1_10' title="bbox 563 1200 3199 1287; baseline -0.002 -26"><span class='ocrx_word' id='word_1_75' title='bbox 563 1200 797 1284; x_wconf 84' lang='lat' dir='ltr'><strong>Duplex</strong></span> <span class='ocrx_word' id='word_1_76' title='bbox 846 1208 883 1271; x_wconf 91' lang='grc' dir='ltr'>ΙΙ</span> <span class='ocrx_word' id='word_1_77' title='bbox 932 1200 1007 1263; x_wconf 88' lang='lat' dir='ltr'>ab</span> <span class='ocrx_word' id='word_1_78' title='bbox 1053 1220 1196 1265; x_wconf 86' lang='lat' dir='ltr'>osca</span> <span class='ocrx_word' id='word_1_79' title='bbox 1238 1202 1676 1265; x_wconf 78' lang='lat' dir='ltr'>consuetudine</span> <span class='ocrx_word' id='word_1_80' title='bbox 1724 1209 1852 1265; x_wconf 78' lang='lat' dir='ltr'>orla</span> <span class='ocrx_word' id='word_1_81' title='bbox 1899 1203 2139 1266; x_wconf 83' lang='lat' dir='ltr'>sacculo</span> <span class='ocrx_word' id='word_1_82' title='bbox 2185 1208 2388 1279; x_wconf 79' lang='lat' dir='ltr'>sexto,</span> <span class='ocrx_word' id='word_1_83' title='bbox 2432 1202 2715 1287; x_wconf 86' lang='lat' dir='ltr'>usurpari</span> <span class='ocrx_word' id='word_1_84' title='bbox 2760 1200 2961 1282; x_wconf 77' lang='lat' dir='ltr'>coepit</span> <span class='ocrx_word' id='word_1_85' title='bbox 3002 1203 3199 1261; x_wconf 73' lang='lat' dir='ltr'>aelate</span> 
     </span>
     <span class='ocr_line' id='line_1_11' title="bbox 647 1302 3199 1379; baseline -0.001 -13"><span class='ocrx_word' id='word_1_86' title='bbox 647 1304 769 1367; x_wconf 81' lang='lat' dir='ltr'>fere</span> <span class='ocrx_word' id='word_1_87' title='bbox 831 1302 1213 1370; x_wconf 78' lang='lat' dir='ltr'>ciceroniana</span> <span class='ocrx_word' id='word_1_88' title='bbox 1252 1317 1333 1368; x_wconf 75' lang='lat' dir='ltr'>‘et</span> <span class='ocrx_word' id='word_1_89' title='bbox 1390 1307 1777 1379; x_wconf 84' lang='lat' dir='ltr'>caesariana,</span> <span class='ocrx_word' id='word_1_90' title='bbox 1828 1326 1941 1369; x_wconf 76' lang='lat' dir='ltr'>nec</span> <span class='ocrx_word' id='word_1_91' title='bbox 1985 1306 2097 1369; x_wconf 89' lang='lat' dir='ltr'>nisi</span> <span class='ocrx_word' id='word_1_92' title='bbox 2145 1307 2300 1369; x_wconf 78' lang='lat' dir='ltr'>inter</span> <span class='ocrx_word' id='word_1_93' title='bbox 2343 1305 2497 1369; x_wconf 86' lang='lat' dir='ltr'>duas</span> <span class='ocrx_word' id='word_1_94' title='bbox 2542 1304 2782 1369; x_wconf 78' lang='lat' dir='ltr'>vocales</span> <span class='ocrx_word' id='word_1_95' title='bbox 2810 1353 2826 1379; x_wconf 95' lang='lat'>‚</span> <span class='ocrx_word' id='word_1_96' title='bbox 2874 1309 2931 1367; x_wconf 77' lang='lat' dir='ltr'>el</span> <span class='ocrx_word' id='word_1_97' title='bbox 2975 1320 3199 1367; x_wconf 87' lang='lat' dir='ltr'>conso-</span> 
     </span>
    </p>

    <p class='ocr_par' dir='ltr' id='par_1_8' title="bbox 568 1408 1333 1472">
     <span class='ocr_line' id='line_1_12' title="bbox 568 1408 1333 1472; baseline 0 -2"><span class='ocrx_word' id='word_1_98' title='bbox 568 1434 574 1439; x_wconf 85' lang='lat'><strong>·</strong></span> <span class='ocrx_word' id='word_1_99' title='bbox 647 1414 883 1471; x_wconf 76' lang='lat' dir='ltr'>nantem</span> <span class='ocrx_word' id='word_1_100' title='bbox 930 1426 1001 1471; x_wconf 85' lang='lat' dir='ltr'>ac</span> <span class='ocrx_word' id='word_1_101' title='bbox 1046 1408 1333 1472; x_wconf 80' lang='lat' dir='ltr'>vocalem.</span> 
     </span>
    </p>

    <p class='ocr_par' dir='ltr' id='par_1_9' title="bbox 567 1499 3202 1698">
     <span class='ocr_line' id='line_1_13' title="bbox 567 1499 3202 1596; baseline -0.001 -22"><span class='ocrx_word' id='word_1_102' title='bbox 567 1499 579 1580; x_wconf 91' lang='grc' dir='ltr'>Ι</span> <span class='ocrx_word' id='word_1_103' title='bbox 632 1512 1053 1594; x_wconf 86' lang='lat' dir='ltr'>prosodiacum</span> <span class='ocrx_word' id='word_1_104' title='bbox 1102 1520 1333 1575; x_wconf 71' lang='lat' dir='ltr'>ceteras</span> <span class='ocrx_word' id='word_1_105' title='bbox 1378 1513 1835 1596; x_wconf 81' lang='lat' dir='ltr'>supereminens</span> <span class='ocrx_word' id='word_1_106' title='bbox 1881 1510 2110 1583; x_wconf 60' lang='lat' dir='ltr'>litteras</span> <span class='ocrx_word' id='word_1_107' title='bbox 2161 1512 2331 1577; x_wconf 84' lang='lat' dir='ltr'>initio</span> <span class='ocrx_word' id='word_1_108' title='bbox 2369 1512 2595 1576; x_wconf 80' lang='lat' dir='ltr'>saeculi</span> <span class='ocrx_word' id='word_1_109' title='bbox 2630 1508 2871 1595; x_wconf 73' lang='lat' dir='ltr'>septimi</span> <span class='ocrx_word' id='word_1_110' title='bbox 2903 1517 3032 1574; x_wconf 80' lang='lat' dir='ltr'>orta</span> <span class='ocrx_word' id='word_1_111' title='bbox 3063 1526 3202 1574; x_wconf 87' lang='lat' dir='ltr'>coe-</span> 
     </span>
     <span class='ocr_line' id='line_1_14' title="bbox 642 1611 1639 1698; baseline 0.002 -22"><span class='ocrx_word' id='word_1_112' title='bbox 642 1611 732 1697; x_wconf 77' lang='lat' dir='ltr'>pit</span> <span class='ocrx_word' id='word_1_113' title='bbox 776 1614 1098 1698; x_wconf 77' lang='lat' dir='ltr'>propagari</span> <span class='ocrx_word' id='word_1_114' title='bbox 1142 1621 1338 1678; x_wconf 76' lang='lat' dir='ltr'>aetate</span> <span class='ocrx_word' id='word_1_115' title='bbox 1383 1614 1639 1680; x_wconf 88' lang='lat' dir='ltr'>sullana.</span> 
     </span>
    </p>

    <p class='ocr_par' dir='ltr' id='par_1_10' title="bbox 568 1705 3201 1909">
     <span class='ocr_line' id='line_1_15' title="bbox 568 1705 3201 1807; baseline -0.001 -27"><span class='ocrx_word' id='word_1_116' title='bbox 568 1705 580 1786; x_wconf 97' lang='grc' dir='ltr'>Ι</span> <span class='ocrx_word' id='word_1_117' title='bbox 635 1716 1039 1800; x_wconf 79' lang='lat' dir='ltr'>euphonicum</span> <span class='ocrx_word' id='word_1_118' title='bbox 1089 1717 1429 1786; x_wconf 74' lang='lat' dir='ltr'>Latinorum</span> <span class='ocrx_word' id='word_1_119' title='bbox 1470 1727 1562 1783; x_wconf 85' lang='lat' dir='ltr'>est</span> <span class='ocrx_word' id='word_1_120' title='bbox 1598 1721 1908 1806; x_wconf 89' lang='lat' dir='ltr'>proprium</span> <span class='ocrx_word' id='word_1_121' title='bbox 1943 1721 2184 1807; x_wconf 74' lang='lat' dir='ltr'>ponitur</span> <span class='ocrx_word' id='word_1_122' title='bbox 2220 1722 2397 1785; x_wconf 82' lang='lat' dir='ltr'>eliam</span> <span class='ocrx_word' id='word_1_123' title='bbox 2431 1741 2539 1805; x_wconf 90' lang='lat' dir='ltr'>pro</span> <span class='ocrx_word' id='word_1_124' title='bbox 2585 1718 2610 1781; x_wconf 75' lang='grc' dir='ltr'><strong>ἶ</strong></span> <span class='ocrx_word' id='word_1_125' title='bbox 2656 1720 2823 1785; x_wconf 80' lang='lat' dir='ltr'>brevi</span> <span class='ocrx_word' id='word_1_126' title='bbox 2862 1714 3201 1802; x_wconf 80' lang='lat' dir='ltr'>pinguioris</span> 
     </span>
     <span class='ocr_line' id='line_1_16' title="bbox 644 1812 3201 1909; baseline 0.002 -27"><span class='ocrx_word' id='word_1_127' title='bbox 644 1817 780 1883; x_wconf 84' lang='lat' dir='ltr'>soni</span> <span class='ocrx_word' id='word_1_128' title='bbox 810 1821 1184 1904; x_wconf 82' lang='lat' dir='ltr'>exprimendi</span> <span class='ocrx_word' id='word_1_129' title='bbox 1217 1822 1440 1904; x_wconf 77' lang='lat' dir='ltr'>gratia:</span> <span class='ocrx_word' id='word_1_130' title='bbox 1474 1823 1615 1885; x_wconf 77' lang='lat' dir='ltr'>item</span> <span class='ocrx_word' id='word_1_131' title='bbox 1651 1812 1690 1892; x_wconf 88' lang='grc' dir='ltr'>ΙΙ</span> <span class='ocrx_word' id='word_1_132' title='bbox 1732 1823 1824 1886; x_wconf 84' lang='lat' dir='ltr'>vel</span> <span class='ocrx_word' id='word_1_133' title='bbox 1860 1829 1955 1894; x_wconf 83' lang='grc' dir='ltr'>ΙΕΙ</span> <span class='ocrx_word' id='word_1_134' title='bbox 1994 1824 2204 1889; x_wconf 79' lang='lat' dir='ltr'>eadem</span> <span class='ocrx_word' id='word_1_135' title='bbox 2229 1832 2424 1889; x_wconf 78' lang='lat' dir='ltr'>aelate</span> <span class='ocrx_word' id='word_1_136' title='bbox 2456 1845 2563 1909; x_wconf 91' lang='lat' dir='ltr'>pro</span> <span class='ocrx_word' id='word_1_137' title='bbox 2587 1828 2616 1884; x_wconf 83' lang='grc' dir='ltr'>ῑ</span> <span class='ocrx_word' id='word_1_138' title='bbox 2644 1826 2824 1907; x_wconf 86' lang='lat' dir='ltr'>longa</span> <span class='ocrx_word' id='word_1_139' title='bbox 2850 1827 3201 1906; x_wconf 76' lang='lat' dir='ltr'>usurpatur.</span> 
     </span>
    </p>

    <p class='ocr_par' dir='ltr' id='par_1_11' title="bbox 520 1921 3203 2012">
     <span class='ocr_line' id='line_1_17' title="bbox 520 1921 3203 2012; baseline 0.001 -28"><span class='ocrx_word' id='word_1_140' title='bbox 520 1948 538 1972; x_wconf 69' lang='grc' dir='ltr'><em>ο</em></span> <span class='ocrx_word' id='word_1_141' title='bbox 568 1921 890 1987; x_wconf 80' lang='lat' dir='ltr'>vocalibus</span> <span class='ocrx_word' id='word_1_142' title='bbox 935 1923 1133 2005; x_wconf 83' lang='lat' dir='ltr'>longis</span> <span class='ocrx_word' id='word_1_143' title='bbox 1179 1930 1461 2009; x_wconf 77' lang='lat' dir='ltr'>punctum</span> <span class='ocrx_word' id='word_1_144' title='bbox 1511 1924 1733 2009; x_wconf 85' lang='lat' dir='ltr'>im&#39;poni</span> <span class='ocrx_word' id='word_1_145' title='bbox 1780 1933 2056 2011; x_wconf 79' lang='lat' dir='ltr'>coeptum</span> <span class='ocrx_word' id='word_1_146' title='bbox 2109 1928 2359 1991; x_wconf 77' lang='lat' dir='ltr'>fortasse</span> <span class='ocrx_word' id='word_1_147' title='bbox 2407 1935 2542 2012; x_wconf 86' lang='lat' dir='ltr'>post</span> <span class='ocrx_word' id='word_1_148' title='bbox 2586 1928 2844 1992; x_wconf 86' lang='lat' dir='ltr'>medium</span> <span class='ocrx_word' id='word_1_149' title='bbox 2892 1924 3203 1990; x_wconf 84' lang='lat' dir='ltr'>saeculum</span> 
     </span>
    </p>

    <p class='ocr_par' dir='ltr' id='par_1_12' title="bbox 647 2025 3203 2117">
     <span class='ocr_line' id='line_1_18' title="bbox 647 2025 3203 2117; baseline 0 -29"><span class='ocrx_word' id='word_1_150' title='bbox 647 2032 915 2091; x_wconf 75' lang='lat' dir='ltr'>sextum:</span> <span class='ocrx_word' id='word_1_151' title='bbox 962 2028 1156 2092; x_wconf 81' lang='lat' dir='ltr'>serius</span> <span class='ocrx_word' id='word_1_152' title='bbox 1203 2033 1338 2111; x_wconf 79' lang='lat' dir='ltr'>post</span> <span class='ocrx_word' id='word_1_153' title='bbox 1381 2025 1607 2092; x_wconf 89' lang='lat' dir='ltr'>Sullam</span> <span class='ocrx_word' id='word_1_154' title='bbox 1656 2027 1941 2113; x_wconf 79' lang='lat' dir='ltr'>circaque</span> <span class='ocrx_word' id='word_1_155' title='bbox 1988 2049 2039 2093; x_wconf 90' lang='lat' dir='ltr'>a.</span> <span class='ocrx_word' id='word_1_156' title='bbox 2091 2051 2146 2093; x_wconf 90' lang='lat' dir='ltr'>u.</span> <span class='ocrx_word' id='word_1_157' title='bbox 2190 2035 2308 2094; x_wconf 88' lang='grc'>680</span> <span class='ocrx_word' id='word_1_158' title='bbox 2358 2038 2641 2117; x_wconf 74' lang='lat' dir='ltr'>punctum</span> <span class='ocrx_word' id='word_1_159' title='bbox 2689 2029 2782 2095; x_wconf 81' lang='lat' dir='ltr'>vel</span> <span class='ocrx_word' id='word_1_160' title='bbox 2829 2029 3102 2094; x_wconf 88' lang='lat' dir='ltr'>sicilicus</span> <span class='ocrx_word' id='word_1_161' title='bbox 3143 2028 3203 2090; x_wconf 91' lang='lat' dir='ltr'>in</span> 
     </span>
    </p>

    <p class='ocr_par' dir='ltr' id='par_1_13' title="bbox 646 2131 2451 2219">
     <span class='ocr_line' id='line_1_19' title="bbox 646 2131 2451 2219; baseline 0.003 -26"><span class='ocrx_word' id='word_1_162' title='bbox 646 2131 960 2195; x_wconf 81' lang='lat' dir='ltr'>vocalibus</span> <span class='ocrx_word' id='word_1_163' title='bbox 1008 2137 1093 2207; x_wconf 90' lang='grc' dir='ltr'>Α,</span> <span class='ocrx_word' id='word_1_164' title='bbox 1148 2137 1219 2205; x_wconf 84' lang='grc' dir='ltr'>Ε,</span> <span class='ocrx_word' id='word_1_165' title='bbox 1268 2137 1367 2205; x_wconf 88' lang='lat'>0,</span> <span class='ocrx_word' id='word_1_166' title='bbox 1415 2138 1461 2200; x_wconf 85' lang='lat' dir='ltr'>V</span> <span class='ocrx_word' id='word_1_167' title='bbox 1511 2152 1616 2215; x_wconf 88' lang='lat' dir='ltr'>pro</span> <span class='ocrx_word' id='word_1_168' title='bbox 1663 2134 2064 2214; x_wconf 67' lang='lat' dir='ltr'>geminatione</span> <span class='ocrx_word' id='word_1_169' title='bbox 2110 2142 2451 2219; x_wconf 80' lang='lat' dir='ltr'>usurpatur.</span> 
     </span>
    </p>
   </div>
  </div>
 </body>
</html>
