3440 5114
524 272 603 334 58·

663 394 735 478 c)
779 393 1167 480 Cllvmzo)
1212 390 1273 456 in
1318 392 1568 476 postica.

842 497 1063 561 Iisdem
1113 497 1299 581 typis,
1345 504 1405 559 at
1449 494 1587 579 equi
1633 500 1906 577 protome
1954 493 2030 556 ad
2075 491 2383 572 sinistram
2430 513 2623 558 versa.

759 599 824 664 ln
872 620 1083 665 museo
1132 596 1613 665 vindobonensi:
1661 595 1908 681 vidique
1952 594 2255 660 Massiliae
2299 594 2362 659 in
2401 617 2610 661 museo
2647 615 2780 661 cum
2819 594 3149 679 epigraphe

592 702 902 768 imminuta
949 754 964 769 .
995 753 1045 766 ..
1083 713 1157 779 Ν
1186 750 1201 765 .
1230 752 1244 766 .
1272 706 1441 773 20).
1489 697 1761 764 Tertium
1810 700 2147 783 exemplum
2196 700 2389 764 habeo
2429 702 2590 786 apud
2627 719 2718 763 ine
2748 706 3052 783 repertum
3088 696 3147 761 in

592 808 837 889 regione
882 805 1158 881 clusina,
1206 806 1263 868 in
1313 826 1434 890 quo
1483 811 1791 868 extremae
1825 810 2035 867 extant
2065 803 2304 867 litterae
2352 812 2474 876 (ἈΛ
2502 847 2517 861 .
2547 852 2560 865 .
2588 825 2643 883 .;
2691 810 2742 873 C
2793 822 3008 888 nempe
3042 821 3151 886 pro

591 915 655 972 0
702 907 919 993 posito.
3213 985 3222 993 ι

755 1011 908 1074 Mira
964 1015 1105 1075 sunt
1163 1028 1318 1094 quae
1376 1009 1449 1072 de
1502 1007 1683 1073 huius
1732 1007 1960 1074 nummi
2009 1009 2343 1095 epigraphe
2373 1010 2681 1093 scripsere
2714 1005 3150 1073 Mommsenius

592 1122 652 1178 et
680 1112 1064 1178 Bitschelius.
1100 1113 1207 1176 llle
1239 1113 1313 1177 de
1347 1111 1604 1177 lectione
1642 1113 1906 1177 nondum
1940 1114 2088 1178 satis
2122 1122 2402 1179 constare
2432 1111 2598 1186 dixit,
2630 1113 2793 1198 quod
2826 1111 3156 1176 Eckhelius

587 1226 646 1282 el
681 1214 981 1282 Catellius
1016 1214 1077 1279 in
1111 1214 1346 1300 postica
1389 1215 1683 1298 legissent
1727 1221 1972 1288 COZA.
2020 1216 2270 1282 Constat
2303 1225 2499 1281 tamen
2537 1215 2896 1280 Eckhelium
2929 1216 3152 1297 legisse

598 1325 813 1393 (ΟΖΑ
863 1327 924 1385 et
964 1317 1026 1383 in
1073 1317 1313 1404 postica
1360 1365 1375 1380 .
1402 1368 1412 1380 .
1443 1371 1454 1383 .
1486 1324 1756 1391 ΖΑΝΟ.
1800 1317 1916 1384 Hic
1961 1320 2045 1383 ait
2089 1340 2297 1384 omnes
2342 1318 2460 1384 sibi
2505 1320 2823 1404 scrupulos
2863 1338 2979 1383 non
3019 1338 3153 1382 esse
3255 1332 3262 1339 “

595 1425 945 1508 ademptoS,
1005 1443 1115 1488 nec
1175 1430 1313 1507 post
1355 1432 1611 1509 accepta
1656 1423 1776 1488 duo
1823 1424 2191 1507 exemplaria
2237 1426 2423 1488 musei
2471 1422 2820 1487 britannici.
2890 1422 3157 1506 Uterque

594 1535 794 1591 autem
853 1525 1165 1592 insinuare
1220 1522 1519 1590 conantur
1565 1546 1840 1592 nummos
1885 1526 2257 1592 Cosanorum
2307 1547 2613 1613 nunquam
2662 1525 2977 1590 extitisse:
3051 1524 3158 1589 sed

597 1630 968 1716 epigraphen
1027 1634 1377 1703 <OSANO
1440 1650 1546 1714 pro
1611 1636 1996 1703 ROMANO
2061 1638 2404 1716 corruptam
2465 1631 2605 1695 olim
2651 1631 2727 1694 ab
2774 1628 3154 1704 artificibuS,

594 1731 892 1798 Avellinio
940 1754 992 1797 v.
1037 1733 1111 1796 cl.
1157 1731 1357 1798 iudice
1385 1782 1401 1811 ,
1464 1735 1565 1818 qui
1616 1732 1756 1798 huic
1801 1753 2024 1798 causae
2070 1734 2434 1799 iudicandae
2483 1754 2789 1798 nummum
2836 1732 3162 1798 habentem·

595 1836 849 1901 similem
910 1845 1115 1922 typum
1175 1843 1237 1899 et
1293 1834 1670 1921 epigraphen
1738 1843 2120 1910 ROMANO
2179 1836 2544 1901 adhibuerit.
2613 1836 2736 1900 Sed
2785 1836 2935 1901 haec
2981 1843 3161 1901 antea

598 1940 875 2005 refutavi.
908 2014 914 2027 ,

516 2047 616 2107 55.
662 2043 884 2126 (εΗ.)
932 2044 1002 2126 α)
1050 2047 1217 2115 sel(
1262 2041 1563 2107 interdum
1614 2049 1779 2115 251(
1827 2044 1884 2105 in
1932 2042 2185 2127 postica.

850 2144 1048 2231 Caput
1104 2124 1393 2209 M'ercurii
1437 2154 1648 2230 petaso
1698 2154 1919 2210 tectum
1968 2146 2167 2224 alato,
2216 2145 2370 2211 infra
2415 2146 2633 2210 collum
2682 2146 2928 2232 delphin
2957 2197 2971 2222 ,
3018 2154 3159 2211 ante

935 2248 1257 2312 caduceuS.

854 2350 1049 2436 Caput
1093 2349 1278 2415 Sileni
1329 2371 1543 2415 nexum
1592 2372 1726 2415 cum
1777 2354 2020 2417 thorace
2069 2353 2194 2438 apri
2229 2361 2288 2417 et
2319 2361 2461 2417 nota
2490 2352 2739 2417 artificis
2775 2354 2970 2427 varia,
3005 2374 3163 2437 quae

944 2453 1004 2518 in
1050 2474 1261 2519 museo
1310 2452 1709 2536 Kircheriano
1758 2464 1851 2520 est
1898 2469 1978 2530 Δ,
2027 2457 2085 2518 in
2140 2454 2593 2520 vindobonensi
2643 2468 2704 2521 (.

768 2556 1126 2644 Delphinem
1175 2559 1400 2642 primus
1447 2556 1858 2641 Capranesius
1905 2561 2233 2645 expressit,
2281 2568 2481 2624 notam
2529 2560 2828 2625 hactenus
2877 2581 3069 2625 nemo.

687 2663 752 2746 b)
802 2667 976 2737 SElC
1041 2660 1100 2724 in
1142 2661 1406 2746 postica,
1453 2684 1482 2722 c
1528 2661 1586 2725 in
1634 2685 1669 2742 9
1714 2670 1939 2727 mutata
1971 2665 2238 2728 cernitur
2270 2664 2327 2727 in
2363 2684 2603 2740 nummo
2637 2668 2827 2728 musei
2861 2662 3171 2738 Vaticani,

604 2774 690 2841 et,
740 2770 1001 2830 testante
1049 2762 1558 2842 Friedlaendero‚
1607 2764 1786 2829 etiam
1837 2767 1893 2829 in
1945 2787 2186 2831 nummo
2233 2765 2636 2831 Beroliuensi.

689 2870 749 2952 c)
799 2872 977 2945 sfitc
1035 2869 1092 2930 in
1141 2865 1377 2953 postica
1422 2875 1480 2932 et
1527 2867 1764 2950 signum
1813 2875 1886 2938 Α.

855 2968 1052 3054 Caput
1096 2969 1380 3034 Mercurii
1429 2972 1639 3035 causia
1687 2981 1910 3037 tectum
1960 2974 2149 3048 alata,
2198 2975 2373 3037 cuius
2421 2975 2611 3037 cassis
2641 2972 2711 3056 jn
2753 2973 2991 3058 phrygii
3024 2973 3169 3060 pilei

944 3073 1185 3138 modum
1234 3073 1537 3156 assurgit,
1601 3075 2332 3159 pendentque‘bucculae
2379 3097 2494 3141 acu
2541 3079 2771 3160 pictae:
2836 3077 2987 3140 infra
3030 3077 3165 3141 del-

944 3175 1119 3259 phin,
1168 3183 1307 3240 ante
1356 3177 1683 3242 caduceus.

859 3278 1068 3364 Typus
1115 3278 1385 3364 posticae
1432 3281 1790 3345 communis

778 3384 909 3446 Duo
955 3383 1230 3467 exempla
1274 3385 1428 3459 novi,
1476 3404 1729 3469 quorum
1777 3405 1961 3450 unum
2009 3392 2102 3448 est
2145 3385 2304 3470 apud
2343 3406 2475 3449 me:
2525 3406 2706 3471 asper
2740 3407 3018 3451 nummus
3051 3394 3161 3463 est,

609 3494 671 3551 et
714 3486 939 3572 pendet
985 3504 1072 3568 gr.
1123 3490 1298 3561 0,55.

526 3595 623 3654 56.
675 3591 746 3673 (τ
779 3589 901 3670 12.)
949 3595 1313 3661 CORANO
1360 3590 1421 3651 in
1466 3592 1719 3673 postica.

860 3690 1060 3775 Caput
1103 3689 1438 3756 laureatum
1484 3693 1804 3777 Apollinis,

862 3795 1065 3880 Eques
1110 3794 1289 3864 hasta
1334 3794 1601 3878 proiecta
1645 3817 1920 3861 currens,

778 3897 912 3961 Vidi
960 3900 1018 3961 in
1065 3917 1275 3961 museo
1325 3898 1683 3963 Parisiensi:
1731 3900 1953 3984 pendet
1999 3921 2084 3982 gr.
2132 3905 2308 3977 ss,7o.

774 4001 996 4067 Litrani
1056 4021 1299 4066 aeream
1361 4001 1516 4087 typis
1562 4007 1873 4088 campanis
1920 4014 2123 4069 narrat
2179 4006 2388 4069 Riccio
2436 4026 2500 4070 se
2548 4008 2894 4072 vendidisse
2950 4007 3167 4078 Baroni

538 4125 541 4126 ’
606 4107 801 4171 Beher
845 4105 1301 4170 Stralsundensi
1349 4107 1523 4170 cuius
1571 4113 1734 4169 esset
1766 4104 2096 4192 epigraphe
2136 4115 2505 4181 KORANO
2542 4111 2885 4175 luculenter
2914 4111 3173 4195 sculpta.

616 4213 685 4274 V.
737 4211 1088 4296 Repertorio
1136 4231 1194 4293 p.
1245 4214 1300 4273 3.

529 4315 628 4376 57.
678 4315 898 4397 (zio.)
947 4313 1018 4396 a)
1069 4319 1276 4386 AvBA
1328 4313 1386 4377 in
1434 4311 1692 4399 postica.

865 4415 1064 4499 Caput
1108 4414 1395 4480 Mercurii
1442 4424 1654 4500 petaso
1702 4417 1862 4482 alato
1911 4424 2151 4482 tectum.

867 4517 1167 4604 Gryphus

783 4620 912 4686 Vidi
962 4621 1211 4706 Neapoli
1256 4621 1316 4687 in
1361 4641 1569 4688 museo
1617 4630 1679 4688 et
1722 4623 1900 4690 alibi:
1951 4626 2175 4709 pendet
2219 4648 2305 4711 gr.
2356 4631 2527 4704 138.
