3440 5114
475 258 574 317 224

534 381 929 466 Exscrips'ere
952 380 1321 466 Pomponius
1346 382 1564 445 Laetus
1586 379 2064 464 Accursiusquc.
2090 381 2517 446 planissimum
2544 384 2825 448 carminis
2859 406 3104 451 sensum

454 482 786 549 obruerunt
849 483 1011 550 docti
1081 482 1557 569 sophismatibus
1619 485 1765 548 suis
1828 483 2176 548 Lectionem
2244 491 2404 556 PRO
2470 492 2731 559 VSVRA
2793 489 3105 554 damnavit

454 586 774 658 Momms.
822 590 1157 667 excogitato
1206 588 1265 651 in
1313 587 1445 651 eius
1491 587 1687 650 locum
1736 587 1926 651 verbo
1981 593 2540 665 PROMtSERAT,
2590 591 2736 654 satis
2795 591 3100 656 absurde:

454 710 589 754 nam
637 710 756 775 quo
804 692 982 754 modo
1030 689 1232 755 dicere
1277 692 1474 775 potuit
1530 689 1853 754 Mummius
1912 688 2107 754 visum
2165 689 2278 754 sibi
2339 710 2474 755 esse
2533 693 2678 757 dare
2739 696 2899 778 quod
2962 705 3101 761 voto

450 794 860 877 promiserat?
904 795 1082 857 immo
1130 792 1343 856 debuit
1387 793 1644 856 reddere
1690 793 1853 876 quod
1899 794 2029 856 sine
2075 793 2329 865 scelere,
2366 795 2499 857 sine
2530 797 2796 880 piaculo,
2826 800 3102 864 omittere

456 916 571 959 non
621 897 835 981 potuit.
881 894 1043 974 Quid
1092 894 1172 959 sit
1218 895 1329 960 bac
1376 897 1434 959 in
1482 915 1567 969 re,
1614 896 1836 959 donum
1885 896 2030 960 dare
2078 915 2187 982 pro
2232 916 2420 960 usura
2465 898 2755 974 decimae,
2803 900 2920 965 boc
2966 903 3101 967 loco

451 997 670 1065 dicam.
718 1000 1042 1062 Mummius
1088 1000 1405 1062 donarium
1452 998 1614 1083 quod
1659 996 1803 1062 huic
1846 999 1981 1062 basi
2042 1000 2338 1063 rotundae
2398 1002 2791 1087 superposuit
2844 1005 2928 1067 ait
2985 1006 3102 1070 sibi

453 1099 647 1165 visum
698 1121 831 1164 esse
878 1101 1025 1165 dare
1073 1108 1133 1165 et
1176 1100 1547 1186 perfecisse,
1594 1108 1661 1165 ut
1713 1100 1865 1165 deus
1931 1101 2301 1165 concederet
2364 1102 2479 1166 sibi
2538 1102 2857 1169 decumam
2918 1127 3101 1172 verae

452 1206 704 1268 rationis
751 1204 1070 1287 perficere,
1119 1203 1405 1267 facultate
1452 1205 1612 1267 facta
1656 1205 1921 1287 praedae
1952 1205 2263 1286 cogendae
2297 1213 2356 1269 et
2384 1206 2842 1272 dissolvendae:
2883 1231 3099 1299 nempe

452 1308 641 1371 visum
692 1326 826 1371 csse
874 1307 947 1369 de
995 1307 1253 1370 decuma
1297 1304 1497 1370 adhuc
1543 1306 1820 1388 cogenda
1865 1306 2095 1390 aliquid
2136 1327 2569 1391 praesumere,
2616 1331 2725 1394 pro
2772 1313 2961 1378 sacris
3007 1315 3098 1380 sa-

452 1409 708 1482 ciundis,
756 1417 822 1475 ut
867 1430 1013 1474 usus
1061 1411 1353 1474 decumae
1399 1409 1842 1474 concederetur
1886 1428 1921 1473 a
1970 1410 2229 1474 numine.
2277 1409 2408 1475 Hoc
2456 1432 2599 1476 vero
2646 1415 2729 1477 ait
2765 1434 2830 1476 se
2865 1416 3098 1493 secisse,

451 1533 617 1576 more
661 1515 935 1597 antiquo,
981 1511 1213 1576 scilicet
1259 1519 1321 1574 ut
1366 1512 1478 1574 deo
1527 1511 1753 1575 donum
1799 1513 1969 1575 daret
2014 1512 2091 1576 de
2136 1513 2395 1576 decuma
2430 1503 3099 1603 adhuccogenda,pro

450 1633 641 1681 usura
684 1615 999 1688 decumae,
1045 1621 1104 1679 et
1148 1613 1298 1678 deus
1344 1633 1553 1698 pacem
1602 1621 1848 1694 rogatus
1880 1613 2052 1678 daret
2081 1634 2302 1697 cogere
2334 1623 2393 1678 et
2424 1616 2757 1682 dissolvere
2789 1623 3098 1703 praedam,

450 1716 891 1801 perficeretque
939 1715 1053 1780 hoc
1100 1724 1295 1800 pacto,
1345 1722 1411 1781 ut
1457 1717 1712 1779 decuma
1758 1723 1921 1780 esset
1966 1736 2146 1780 verae
2194 1719 2461 1782 rationis

534 1819 800 1901 Cogendi
837 1819 1226 1889 dissolvendi,
1255 1819 1526 1903 Bernays
1562 1820 1870 1902 persuasit
1899 1818 2254 1898 Bitscbelio‚
2291 1820 2401 1883 hos
2432 1822 2730 1904 genitivos
2765 1825 3028 1907 pendere
3062 1848 3099 1891 a

446 1923 845 1996 substantivO,
875 1942 1114 2006 pacem:
1153 1924 1325 2006 quasi
1362 1919 1692 1986 Mummius
1730 1922 1981 1997 diceret,
2018 1942 2231 2005 rogare
2269 1943 2334 1987 se
2370 1923 2547 1988 deum
2583 1945 2792 2007 pacem
2834 1930 3097 2011 cogendi

448 2033 509 2087 et
554 2024 950 2088 dissolvendi.
999 2024 1198 2103 Quum
1247 2030 1482 2088 veteres
1530 2025 1671 2088 olim
1723 2045 1929 2107 pacem
1978 2027 2156 2090 deum
2189 2027 2500 2110 petebant,
2531 2048 2742 2112 pac-em
2777 2032 3096 2114 rogabant,

445 2128 505 2190 id
564 2128 937 2211 quaerebant
982 2127 1258 2203 scilicet,
1304 2134 1371 2190 ut
1414 2126 1496 2189 dii
1544 2127 1809 2209 benigne
1855 2129 2244 2212 acciperent,
2292 2130 2679 2206 adiuvarent,
2725 2135 2885 2198 mala
2931 2155 3104 2201 aver-

446 2236 667 2304 terent,
716 2249 792 2293 ne
837 2229 970 2293 irati
1016 2235 1260 2302 essent,
1307 2228 1694 2313 placarentur
1739 2229 2024 2313 precibus
2070 2230 2423 2316 hostiisque.
2481 2232 2552 2296 V.
2604 2234 2797 2299 Plaut.
2845 2237 2903 2301 in
2949 2241 3101 2303 Am-

446 2330 621 2415 phitr.
670 2350 722 2395 a.
775 2330 859 2404 V,
908 2336 1023 2405 74,
1076 2337 1144 2405 5,
1189 2332 1248 2394 in
1299 2331 1545 2395 Curcul.
1594 2353 1649 2394 a.
1697 2332 1787 2403 ll,
1841 2338 1948 2410 tt,
1997 2337 2095 2396 20.
2543 2326 2565 2335 ⁸

534 2433 759 2499 Facilia
804 2434 921 2498 dici
972 2454 1082 2517 pro
1130 2432 1408 2505 faciliam‚
1459 2433 1601 2497 mihi
1647 2442 1878 2499 certum
1925 2445 2035 2511 est,
2084 2436 2197 2501 boc
2245 2458 2389 2501 vero
2439 2440 2796 2505 vocabulum
2844 2462 2918 2507 ea
2953 2461 3101 2507 ana-

441 2536 606 2619 logia
651 2556 685 2600 a
733 2537 925 2608 facile,
975 2543 1041 2602 ut
1087 2536 1450 2612 facultatem,
1498 2535 1774 2602 derivare
1820 2537 2012 2625 potuit
2057 2538 2407 2625 antiquitas,
2440 2563 2563 2626 qua
2594 2564 2666 2607 ex
2698 2544 2919 2629 volupe
2959 2547 3099 2612 fecit

443 2641 747 2726 volupiam
791 2648 852 2704 et
893 2642 1282 2727 voluptatem,
1331 2662 1404 2705 ex
1449 2660 1648 2726 aequo
1694 2644 2022 2726 aequitiam
2071 2651 2128 2707 et
2172 2646 2563 2728 aequitatem,
2609 2667 2682 2710 ex
2731 2647 2952 2713 famulo
3000 2650 3095 2714 sa-

443 2741 666 2809 miliam
717 2752 776 2808 et
820 2745 1234 2809 famulitatem.

444 2934 584 2993 893.
638 2930 710 3011 (z
738 2931 914 3011 543).
964 2964 1037 2973 -
1080 2928 1380 2994 Trebulae
1425 2928 1783 2993 Mutuescae
1829 2929 2071 2994 duobus
2117 2931 2426 3015 exemplis.

1392 3071 1896 3136 t.·MVMMtvs
1988 3073 2143 3139 (08

1669 3174 1856 3239 VlCO

524 3305 588 3368 L.
638 3305 960 3369 Mummius
1007 3324 1125 3367 non
1170 3303 1407 3368 Italiam
1455 3306 1629 3368 modo
1690 3306 1797 3368 sed
1857 3304 2035 3381 ctiam
2098 3307 2444 3389 provincias
2502 3312 2818 3373 exornavit
2877 3312 3095 3375 statuis

441 3408 733 3472 Corintho
780 3407 1001 3472 ablatis
1048 3407 1283 3490 (Front.
1333 3408 1592 3487 Stratag.
1643 3408 1742 3480 tv,
1791 3414 1860 3484 3,
1915 3413 2026 3482 ⁴5;
2080 3407 2280 3474 Victor
2325 3408 2400 3473 de
2451 3408 2569 3473 Vir.
2618 3413 2698 3475 ill.
2749 3390 2902 3495 60).'
2927 3412 3095 3476 Haec

439 3531 600 3597 quac
650 3510 922 3575 trebulae
971 3511 1324 3574 Mutuescae
1357 3508 1417 3572 in
1450 3509 1718 3587 sabinis,
1753 3510 1859 3575 ubi
1889 3531 2048 3574 nunc
2087 3510 2489 3588 Monteleone,
2527 3513 2767 3577 duobus
2799 3515 3091 3599 exemplis

439 3620 679 3699 reperta
722 3621 830 3683 est.
878 3613 1143 3677 ostendit
1188 3615 1318 3676 vico
1364 3611 1446 3675 illi
1491 3611 1843 3678 Mummium
1880 3621 2018 3678 tunc
2050 3634 2122 3679 ex
2157 3614 2385 3698 praeda
2423 3616 2794 3681 corinthiaca
2825 3617 3088 3681 dedisse.

439 3717 706 3781 Trebula
764 3724 906 3780 tunc
965 3717 1074 3780 fuit
1130 3715 1303 3780 vicus
1347 3716 1443 3779 vel
1489 3717 1537 3779 si
1586 3715 1780 3800 magis
1826 3713 1918 3779 vis
1964 3715 2082 3780 vici
2132 3737 2345 3781 nomen
2394 3739 2510 3781 non
2560 3727 2859 3793 mutarat,
2907 3740 3088 3805 quem

435 3821 512 3883 ad
561 3819 803 3882 modum
852 3820 994 3883 urbs
1044 3819 1254 3884 Italica
1299 3816 1684 3901 sexagesimo
1732 3838 1887 3889 anno
1925 3825 2241 3904 postquam
2281 3821 2523 3884 condita
2557 3828 2650 3884 est
2686 3820 2884 3886 adhuc
2919 3824 3094 3886 vicus

436 3920 796 4006 appellatur.

437 4112 579 4171 894.
633 4107 910 4192 (2:544).
958 4152 1033 4160 -
1075 4106 1142 4169 ln
1189 4127 1335 4191 agro
1384 4106 1653 4170 nursino.

1482 4249 1528 4311 l.
1550 4277 1563 4291 ·
1595 4248 2050 4314 MVMMWS

1515 4350 1670 4417 <Os
1695 4380 1709 4395 ·
1747 4351 1893 4418 DED
1943 4355 2012 4416 Ν

516 4482 690 4565 Sigla
734 4480 839 4545 illa
880 4504 921 4544 n
965 4480 1110 4566 quid
1156 4483 1460 4565 significet
1504 4490 1709 4588 monet
1751 4482 1919 4547 locus
1964 4480 2024 4545 in
2074 4502 2191 4565 quo
2226 4483 2508 4548 inventus
2540 4490 2633 4547 est
2665 4481 2893 4548 titulus,
2925 4482 3086 4566 Lege

434 4586 665 4669 itaque:
714 4584 882 4649 dedit
926 4585 1207 4650 nursinis.
