3440 5114
529 226 599 289 42

587 342 920 411 Archaicae
967 342 1433 427 orthographiae
1478 341 1703 408 indicia
1739 348 1878 407 sunt
1907 344 1930 404 i
1965 361 2073 429 pro
2106 364 2134 404 e
2168 342 2371 417 brevi,
2412 349 2726 426 praeterea
2756 341 3061 423 digamma
3090 340 3148 403 in

505 450 816 527 Ambilatri,
862 449 1059 513 tenuis
1106 467 1213 532 pro
1261 445 1529 532 aspirata
1574 447 1632 509 in
1681 447 2008 526 Ampionis,
2058 445 2382 526 Epapraes,
2429 448 2590 516 Meti‚·
2634 467 2672 507 u
2709 463 2818 529 pro
2853 447 2875 505 i
2908 446 2968 508 in
3009 444 3154 506 Oue-

508 552 685 627 sumi,
732 554 755 611 i
795 570 904 638 pro
950 573 987 612 u
1031 550 1125 616 vel
1170 572 1206 631 y
1251 551 1311 614 in
1359 549 1714 634 Ciminum),
1763 549 2231 633 Meti(mnaeum).
2305 628 2310 639 Ι

1642 753 1813 828 CAP.
1868 753 2044 828 XIX.

1461 917 1709 961 mannes
1745 913 2207 967 utamur-unici.

518 1074 570 1140 Α
621 1070 676 1132 in
722 1067 1026 1153 lapidibus
1073 1074 1133 1130 et
1179 1065 1436 1131 nummis
1482 1069 1745 1132 romanis
1804 1068 2102 1152 (excepta
2145 1086 2293 1131 voce
2340 1066 2555 1149 Roma)
2616 1066 2791 1129 unice
2838 1063 3164 1128 adhibetur

601 1178 721 1235 toto
768 1170 1011 1237 saeculo
1058 1179 1228 1235 sexto
1276 1178 1337 1233 et
1382 1168 1697 1254 deinceps:
1748 1172 1806 1234 in
1846 1170 2101 1235 nummis
2141 1170 2344 1234 latinis
2382 1170 2765 1253 frequentior,
2804 1169 2860 1231 in
2903 1169 3163 1231 nummis

603 1275 997 1347 coloniarum
1025 1272 1197 1337 inseri
1248 1272 1431 1337 maris
1478 1294 1635 1359 pene
1682 1276 1860 1339 unice
1907 1294 2027 1339 uno
2075 1281 2178 1338 aut
2221 1273 2410 1337 altero
2449 1271 2726 1357 exemplo
2763 1272 3060 1355 exceptis,
3101 1268 3163 1333 in

601 1377 784 1443 titulis
830 1397 973 1442 vero
1020 1378 1419 1462 praenestinis
1466 1377 1720 1461 lapideis
1771 1378 2092 1462 latinisque
2139 1376 2642 1460 frequentissime.

522 1490 578 1555 Λ
626 1484 686 1546 in
736 1482 921 1545 titulis
968 1501 1106 1546 aere
1154 1480 1360 1546 incisis
1406 1482 1673 1565 itemque
1717 1483 1922 1566 pictis,
1972 1483 2029 1546 in
2078 1481 2260 1545 titulis
2313 1479 2513 1545 latinis
2559 1478 2947 1554 Sabinorum,
2999 1478 3165 1541 Mar-

603 1604 839 1660 sorum,
888 1584 1315 1670 Capeuatium.,
1365 1584 1771 1660 Faliscorum,
1821 1584 2269 1650 Pisaurensium
2317 1586 2539 1669 passim
2589 1588 2959 1667 usurpatur:
3023 1578 3164 1644 item

606 1687 667 1751 in
716 1689 969 1752 nummis
1013 1686 1268 1772 Apuliae
1315 1695 1374 1751 et
1419 1685 1682 1751 romanis
1730 1687 2116 1774 Campaniae.

524 1797 580 1862 Λ
627 1776 875 1856 saeculo
937 1797 1201 1855 extremo
1262 1788 1471 1875 quinto
1533 1797 1593 1852 et
1651 1791 1854 1855 media
1914 1798 2082 1876 parte
2139 1792 2288 1856 sexti
2338 1799 2430 1855 est
2473 1809 2621 1854 usus
2667 1790 2793 1853 fere
2838 1784 3168 1873 promiscui

608 1914 745 1959 cum
793 1900 843 1964 Α
893 1895 953 1956 in
987 1892 1156 1958 urbis
1191 1891 1431 1958 nomine
1464 1894 1641 1957 Roma
1676 1896 1933 1958 nummis
1966 1895 2281 1980 inscripta.
2313 1894 2403 1957 Ab
2437 1914 2490 1958 a.
2523 1893 2757 1958 circiter
2790 1895 2907 1954 560
2941 1890 3015 1954 ad
3048 1894 3169 1953 580

609 1998 787 2061 liuius
822 1995 1047 2061 formae
1080 2004 1137 2069 Α
1171 1997 1360 2060 maior
1390 2004 1482 2061 est
1514 2016 1835 2074 numerus,
1870 1996 2068 2061 media
2102 1999 2235 2082 plus
2271 2003 2474 2082 parte,
2505 2016 2684 2080 quam
2721 2001 2793 2065 Α.
2842 1993 2930 2057 Ab
2963 2012 3014 2058 a.
3051 1997 3171 2056 580

610 2099 684 2164 ad
733 2104 853 2163 640
900 2119 1033 2164 raro
1082 2106 1408 2183 usurpatur
1453 2108 1546 2173 Α,
1594 2107 1918 2185 cessatque
1966 2107 2100 2186 post
2146 2121 2277 2164 eam
2325 2108 2605 2165 aetatem.

523 2204 586 2276 Α
629 2201 875 2266 saeculo
925 2203 1091 2267 urbis
1138 2204 1346 2287 quinto
1395 2205 1667 2287 usurpari
1717 2206 1950 2289 coepit,
2001 2224 2108 2269 nec
2156 2204 2258 2269 diu
2297 2205 2547 2279 mansit,
2584 2222 2832 2288 perraro
2871 2206 3004 2286 post
3039 2219 3165 2269 me·

611 2306 774 2370 dium
821 2305 1129 2370 saeculum
1179 2313 1411 2369 sextum
1458 2305 1802 2370 adhibetur.

540 2413 628 2485 G,
677 2413 768 2484 C,
816 2415 869 2481 C.
924 2408 1155 2473 litterae
1205 2430 1348 2473 usus
1395 2408 1607 2493 incipit
1638 2410 1800 2474 circa
1828 2411 2089 2474 medium
2125 2410 2425 2475 saeculum
2459 2412 2749 2494 quintum,
2786 2406 3173 2493 praevalente

613 2510 808 2577 adhuc
853 2512 1050 2577 littera
1096 2517 1138 2583 C
1187 2532 1293 2597 pro
1341 2511 1401 2587 k,
1449 2533 1517 2592 9,
1563 2533 1610 2575 c..

540 2621 582 2686 t(
629 2615 838 2700 incipit
881 2637 930 2681 c.
979 2611 1043 2679 a.'
1089 2620 1239 2690 500,
1292 2624 1352 2680 et
1396 2615 1717 2682 adhibetur
1765 2618 1887 2682 sere
1936 2621 2112 2683 unice
2159 2626 2295 2683 ante
2334 2619 2590 2682 litteram
2632 2617 2974 2688 A‚saeculo
3006 2622 3177 2680 sexto

619 2727 679 2783 et
722 2720 1001 2804 septimo.
2226 2789 2230 2796 ,

538 2825 574 2891 lr
622 2843 767 2887 usus
814 2823 1099 2887 solemnis
1146 2829 1344 2886 cessat
1390 2823 1513 2887 fere
1561 2825 1807 2889 saeculo
1853 2831 2048 2890 sexto:
2100 2826 2254 2890 ultra
2300 2846 2429 2890 eam
2479 2832 2731 2889 aetatem
2768 2823 3089 2889 adhibetur
3119 2824 3178 2885 in

623 2925 985 3009 quibusdam
1027 2925 1212 2989 titulis
1246 2927 1300 2989 in
1339 2925 1577 2991 Etruria
1612 2929 1931 3012 insculptis
1965 2937 2020 2992 ct
2057 2926 2387 3011 aliquando
2421 2929 2479 2991 in
2514 2931 2768 2992 nummis
2801 2928 3180 2992 familiarum.

543 3039 589 3109 t,
638 3029 871 3094 mediae
918 3029 1139 3092 formae
1186 3036 1322 3091 ante
1367 3029 1678 3094 saeculum
1726 3033 1957 3094 sextum
2006 3051 2121 3094 non
2173 3040 2516 3116 usurpatur.

544 3141 589 3204 L
633 3134 931 3217 quadrata
967 3130 1139 3194 initio
1177 3141 1429 3217 apparet
1466 3131 1694 3197 saeculi
1737 3136 1916 3208 sexti,
1948 3134 2387 3220 adhibeturque
2421 3133 2746 3199 identidem
2780 3154 2914 3198 cum
2953 3136 2970 3195 l
3004 3141 3181 3197 acuta

621 3244 679 3300 et
712 3236 942 3299 mediae
975 3236 1199 3300 formae
1239 3254 1346 3320 per
1371 3235 1679 3301 saeculum
1707 3243 1975 3314 sextum3
2008 3239 2251 3302 saeculo
2279 3245 2478 3301 autem
2509 3237 2765 3321 septimo
2792 3238 2923 3302 sola
2949 3242 3178 3320 regnat.

540 3345 639 3413 Ο,
688 3338 877 3421 viguit
921 3340 1165 3403 saeculo
1212 3346 1425 3423 quarto
1472 3348 1529 3402 et
1577 3337 1823 3424 quinto,
1870 3339 2139 3404 obsoleta
2184 3342 2404 3415 forma,
2453 3347 2586 3422 post
2630 3360 2761 3404 eam
2810 3347 3087 3404 aetatem.

547 3449 598 3511 ΓΙ
650 3443 1008 3527 quadratum
1045 3462 1178 3506 raro
1212 3444 1268 3504 in
1302 3440 1605 3527 lapidibus
1638 3451 1964 3528 usurpatur
1995 3443 2238 3508 saeculo
2272 3445 2483 3526 quinto
2509 3451 2568 3505 et
2594 3449 2791 3507 sexto:
2819 3445 2876 3507 in
2903 3445 3186 3516 nummi5‚

624 3545 884 3630 poculis,
934 3545 1219 3618 vasculiS,
1268 3545 1688 3629 similibusque
1737 3548 1914 3610 etiam
1957 3546 2201 3611 saeculo
2241 3546 2494 3630 septimo
2535 3553 2802 3611 vertente
2841 3545 3183 3612 adhibetur.

543 3652 603 3723 Ρ
658 3648 864 3713 lunula
910 3648 1108 3714 hiante
1156 3651 1493 3713 communis
1542 3654 1632 3712 est
1677 3650 1921 3714 saeculo
1967 3648 2211 3734 quinto,
2258 3657 2427 3714 sexto
2475 3657 2534 3714 et
2578 3652 2852 3733 septimo.

549 3763 589 3828 Ρ
635 3759 909 3823 clausum
959 3777 1072 3820 non
1125 3776 1259 3820 raro
1306 3763 1561 3840 apparet
1607 3756 1854 3820 sacculo
1900 3758 2111 3842 quinto
2157 3768 2216 3821 et
2263 3765 2465 3832 sexto,
2522 3758 2651 3821 eius
2706 3758 2988 3842 frequens
3034 3777 3186 3821 usus

625 3861 866 3927 saeculo
905 3862 1159 3945 septimo
1208 3867 1317 3923 est.

544 3972 590 4037 Υ
637 3963 911 4030 adhiberi
973 3969 1225 4048 coeptus
1283 3970 1375 4026 est
1421 3965 1480 4026 in
1530 3965 1741 4047 paucis
1799 3970 1994 4028 aetate
2041 3964 2318 4040 sullana,
2379 3985 2514 4028 cum
2562 3971 2739 4028 antea
2782 3969 2829 4031 V
2875 3957 3024 4027 eius'
3053 3962 3189 4026 loco

626 4075 1026 4152 usurparetur
1069 4067 1161 4130 vel
1215 4074 1262 4142 l,
1310 4086 1468 4151 quae
1514 4068 1895 4131 consuetudo
1942 4066 2182 4130 mansit.

542 4171 803 4236 Litterae
850 4169 1112 4235 initiales
1159 4173 1217 4234 in
1266 4158 1452 4234 titulis
1500 4170 1575 4233 ad
1622 4175 1877 4234 aetatem
1928 4190 2119 4254 usque
2166 4180 2553 4254 augusteam,
2601 4171 2939 4254 integrique
2978 4188 3193 4234 versus

629 4275 819 4340 forma
863 4294 1046 4358 super
1090 4281 1323 4339 ceteras
1369 4274 1598 4338 litteras
1627 4275 1972 4350 eminente,
2021 4275 2267 4339 saeculo
2314 4283 2483 4339 sexto
2523 4281 2581 4337 et
2616 4273 2873 4357 septimo
2912 4292 3194 4337 nonnun—

628 4396 811 4462 quam
859 4384 1203 4462 usurpatur.
1450 4453 1453 4462 .

546 4478 789 4546 Numeri
837 4479 1246 4545 subtractione
1293 4479 1485 4564 magis
1534 4499 1714 4565 quam
1762 4482 2071 4546 additione
2118 4481 2374 4563 signati:
2434 4479 2573 4545 inde
2621 4488 2789 4544 ortae
2834 4479 3062 4544 formae
3112 4487 3196 4555 v„

634 4589 727 4665 ψ,
780 4588 855 4660 o,
903 4597 1003 4694 ¹²3³
1058 4594 1153 4654 n».
