3440 5114
520 261 583 315 78
2523 290 2527 296 ,

489 384 591 446 75.
637 380 819 465 (εὖ.)
868 387 932 451 a)
989 382 1039 457 l>
1104 381 1336 449 vvvto
1368 406 1382 421 ·
1417 382 1454 448 v
1482 404 1498 420 ·
1527 384 1564 447 Ρ
1596 410 1611 426 ·
1642 382 1729 447 <-
1765 379 2034 446 ΜΟῠΙο
2064 405 2080 423 ·
2110 379 2213 443 (Ν
2246 400 2262 416 ·
2295 379 2332 442 Ρ
2380 370 2442 434 in
2487 369 2701 435 antica.

831 483 1028 568 Caput
1071 480 1368 567 Apollinis
1415 480 1770 544 laureatum.

827 584 1035 669 Equus
1084 585 1333 671 saliens,
1380 602 1565 666 supra
1610 588 1857 646 astrum.

748 685 878 749 Vidi
926 686 1222 752 Luceriae
1268 685 1429 771 apud
1477 684 1873 749 Lombardos.
1921 683 2190 746 Alterum
2237 680 2576 765 exemplum
2610 697 2797 763 prope
2828 672 3145 740 Luceriam

580 797 812 864 nactus,
858 789 1002 854 mihi
1048 789 1311 855 ostendit
1353 788 1714 853 Franciscus
1763 786 2069 869 Mongelli‚
2116 786 2223 850 sed
2271 782 2385 847 iam
2420 802 2570 868 pene
2603 788 2831 846 sectum
2865 778 3142 843 bifariam

578 914 615 958 a
661 893 1022 985 pastoribus,
1068 894 1404 958 Caronnius
1449 892 1597 976 legit
1641 897 1752 963 GR
1782 925 1796 940 ·
1830 897 1867 960 Ρ
1912 893 1972 953 in
2022 889 2327 974 exemplo,
2369 888 2533 971 quod
2582 886 2797 950 Paesto
2845 880 3070 947 tribuit.

662 999 721 1080 b)
786 999 839 1072 l>
896 996 1175 1069 Sextio
1204 1026 1218 1040 ·
1254 1004 1304 1066 Π
1339 1026 1352 1040 ·
1386 1002 1542 1068 ΒΛΒ
1590 997 1648 1059 in
1695 996 1942 1079 postica.

834 1103 1034 1188 Caput
1074 1099 1370 1184 Apollinis
1416 1119 1591 1163 coma
1634 1097 1694 1162 in
1742 1100 1964 1162 vertice
2012 1098 2353 1161 constricta.

834 1204 1044 1270 Gallus
1090 1210 1272 1268 stans.

751 1307 884 1371 Vidi
930 1306 1178 1393 Neapoli
1227 1308 1385 1390 apud
1434 1305 1728 1371 Lauriam.

749 1410 955 1474 Edidit
997 1410 1387 1475 Minervinius
1422 1407 1677 1494 (Saggio
1711 1410 1771 1470 di
1804 1427 2028 1473 osserv.
2063 1407 2343 1473 numism.
2375 1427 2431 1490 p.
2472 1406 2651 1487 405),
2691 1406 2791 1490 qui
2829 1403 2976 1486 legit
3019 1410 3142 1475 SE-

579 1519 781 1585 POS·
810 1484 910 1582 Π·
944 1514 1237 1588 EAS-17,
1284 1512 1760 1597 explicavitque:
1808 1512 2055 1595 Sergius
2103 1508 2476 1585 PostumiuS,
2528 1507 2776 1574 Publius
2813 1505 3140 1580 Babidius,

577 1613 854 1680 Luceria.
905 1616 1337 1680 Mommsenius
1377 1635 1524 1678 vero
1572 1613 1661 1678 sic
1712 1621 1775 1689 -ιν
1827 1614 2075 1695 Sergius
2131 1612 2501 1685 PostumiuS‚
2552 1610 2798 1675 Publius
2842 1608 3143 1681 Babbius

583 1717 844 1783 litteram
893 1721 930 1787 y
978 1724 1038 1782 et
1085 1721 1212 1802 ipse
1261 1738 1372 1804 pro
1417 1716 1570 1801 sigla
1617 1718 1872 1781 nominis
1920 1716 2127 1801 oppidi
2173 1714 2422 1779 babens.
2471 1716 2543 1777 At
2589 1713 2845 1778 initiales
2881 1711 3144 1777 nominis

581 1821 749 1885 urbis
795 1827 901 1885 aut
946 1821 1149 1906 oppidi
1192 1841 1496 1905 nunquam
1530 1823 1585 1883 in
1621 1821 1875 1884 nummis
1907 1820 2109 1884 latinis
2155 1826 2441 1901 punctum
2474 1817 2808 1881 admittunt.
2860 1824 2902 1890 b
2936 1815 3145 1900 itaque

473 1952 480 1959 ·
578 1943 940 2009 praenomen
989 1929 1080 1988 est
1122 1923 1421 1989 duumviri
1461 1923 1744 2007 praefecti
1785 1923 2081 1993 coloniae,
2129 1918 2363 1992 §extit
2410 1921 2681 1984 fortasse.
2735 1926 2894 1992 [¹08
2942 1937 2976 1982 a
3021 1919 3139 1981 Mi-

580 2023 852 2089 nervinio
898 2025 1119 2090 lectum
1168 2024 1626 2111 deprehendere
1678 2044 1791 2088 non
1838 2026 2003 2107 potui
2053 2022 2111 2087 in
2161 2042 2400 2087 nummo
2447 2022 2602 2085 male
2652 2020 2808 2085 ilato.

663 2130 720 2210 c)
767 2130 1128 2210 Argenteum
1165 2148 1470 2192 nummum
1505 2127 1701 2191 adbuc
1738 2127 1964 2192 nullum
1997 2124 2422 2190 Lucerinorum
2456 2123 2798 2189 invenimus
2830 2122 2933 2209 qui
2966 2143 3143 2188 cusus

582 2232 660 2295 sit
701 2232 860 2316 typis
895 2229 1205 2296 lucerinis.
1244 2233 1310 2296 ln
1350 2244 1561 2297 museo
1594 2230 2067 2312 Santangeliano
2106 2237 2304 2294 tamen
2342 2236 2507 2292 extat
2542 2228 2745 2292 libella
2776 2228 2931 2314 typis
2957 2229 3147 2312 Arpa-

581 2353 832 2409 norum,
879 2334 982 2419 qui
1030 2342 1091 2403 et
1134 2332 1251 2420 ipsi
1298 2354 1334 2397 a
1378 2334 1723 2399 Tarentinis
1770 2339 2186 2418 sumpserunt,
2225 2331 2430 2395 addita
2477 2330 2672 2395 littera
2722 2338 2766 2401 ‚1
2814 2331 2872 2393 in
2922 2331 3141 2395 antica.

578 2439 658 2503 At
702 2455 920 2501 nomen
986 2434 1142 2500 Pulli
1217 2443 1559 2509 ΠΥΛΛΟΥ
1616 2443 1827 2521 aperte
1875 2434 2138 2501 ostendit
2183 2455 2220 2499 a
2262 2433 2472 2506 Pullo.
2515 2434 2619 2518 qui
2686 2433 2796 2497 fuit
2855 2435 3143 2519 princeps

579 2542 956 2627 Arpanorum
1002 2546 1063 2605 et
1107 2539 1526 2626 Salapinorum
1555 2591 1569 2617 ,
1630 2560 1885 2610 cusum,
1934 2538 2323 2623 litteramque
2371 2539 2391 2600 1
2432 2537 2895 2621 retrogradam,
2942 2543 3145 2601 notam

581 2645 757 2730 pretii
804 2663 959 2709 esse.
1004 2642 1206 2709 Habet
1251 2644 1349 2708 l1ic
1394 2645 1453 2707 in
1501 2642 1705 2708 antica
1750 2650 1933 2729 caput
1974 2640 2286 2705 Minervae
2331 2641 2506 2725 galea
2550 2640 2736 2706 attica
2780 2646 3037 2717 tectum,
3083 2641 3143 2704 in

583 2746 819 2832 postica
862 2745 1191 2811 Herculem
1238 2766 1393 2829 genu
1444 2748 1673 2823 nixum,
1707 2748 1880 2811 clava
1911 2744 2294 2818 instructum,
2334 2743 2569 2807 leonem
2608 2743 3037 2820 suffocantem3
3082 2743 3140 2805 in

582 2869 803 2934 exergo
849 2857 1181 2921 πΥΛΛΟΥ
1227 2850 1443 2915 litteris
1490 2850 1877 2933 fugientibus.
1923 2846 2297 2912 Larinatium
2338 2854 2399 2911 et
2434 2847 2937 2911 Brundisinorum
2983 2851 3148 2910 extat

577 2971 761 3019 aerea
802 2956 1146 3031 semuncia,
1198 2959 1271 3030 v,
1325 2963 1372 3033 l,
1422 2962 1565 3020 nota
1608 2952 1923 3038 inscripta.

749 3054 1043 3143 Sequitur
1090 3078 1249 3124 nunc
1282 3065 1348 3121 ut
1378 3057 1572 3121 dicam
1611 3058 1686 3123 de
1718 3057 1976 3121 nummis
2013 3055 2442 3120 Lucerinorum
2480 3052 2761 3140 propriis,
2793 3074 2929 3118 nam
2964 3054 3039 3118 de
3069 3050 3145 3115 iis

581 3178 738 3243 quos
768 3159 1058 3225 Luceriae
1089 3161 1341 3225 Romani
1376 3161 1504 3225 suis
1539 3160 1696 3246 typis
1727 3158 2137 3241 signaverunt,
2168 3156 2264 3242 egi
2299 3159 2357 3222 in
2388 3157 2695 3222 Romanis.
2728 3156 2931 3221 Series
2961 3157 3148 3239 igitur

584 3264 810 3350 duplex
855 3272 949 3328 est
992 3264 1182 3328 altera
1227 3263 1386 3328 aeris
1434 3264 1581 3338 ilati,
1630 3264 1825 3329 altera
1868 3264 2027 3328 aeris
2072 3264 2369 3347 percussi.
2416 3263 2480 3326 ln
2528 3263 2713 3349 priori
2760 3261 2945 3336 serie,
2991 3282 3146 3347 quae

585 3375 679 3431 est
720 3367 1009 3453 ponderis
1052 3367 1510 3452 quadrantalis,
1581 3367 1861 3433 Lucerini
1930 3366 2266 3432 inscribunt
2307 3368 2495 3431 solam
2552 3364 2841 3440 initialem
2886 3366 3144 3430 litteram

588 3470 844 3535 nominis
890 3470 983 3535 sui
1015 3518 1032 3546 ‚
1079 3489 1339 3554 eamque
1386 3469 1614 3555 duplici
1661 3471 1861 3536 modo.
1910 3469 2055 3535 Nam
2103 3472 2281 3534 modo
2327 3468 2619 3551 effingunt
2662 3467 2866 3533 media
2910 3457 3102 3534 forma
3134 3521 3148 3544 ,

584 3573 762 3638 modo
799 3591 957 3659 pene
987 3571 1365 3657 quadratam,
1399 3573 1561 3657 quod
1593 3573 1737 3637 alibi
1771 3574 2200 3649 demonstravi,
2230 3578 2291 3637 et
2321 3592 2515 3658 nuper
2543 3573 2603 3636 in
2641 3570 2789 3636 diss.
2824 3573 2898 3636 de
2929 3591 3146 3638 canon.

581 3674 916 3740 Ritschelii.
986 3673 1181 3739 Nolim
1229 3683 1426 3740 tamen
1475 3676 1701 3741 diutius
1747 3675 1986 3740 silentio
2033 3676 2288 3740 obruere
2333 3676 2497 3760 quod
2543 3675 2769 3740 dudum
2814 3676 3145 3762 perspexi;

583 3799 802 3864 nempe
846 3776 1004 3843 male
1048 3777 1107 3842 in
1154 3780 1501 3843 semunciae
1540 3781 1773 3864 postica
1808 3779 2210 3862 descriptores
2247 3778 2540 3843 hactenus
2578 3786 2824 3861 putasse
2859 3780 3147 3867 polypum

580 3880 839 3947 effictum
888 3888 1070 3967 atque
1116 3901 1514 3967 expressum3
1584 3889 1676 3946 est
1719 3882 1879 3945 enim
1925 3881 2005 3944 ibi
2055 3881 2293 3966 thyrsus
2337 3881 2556 3945 Bacchi
2605 3881 2805 3946 taenia
2847 3881 3152 3965 obligatus

580 3985 637 4049 in
684 4003 921 4049 summa
962 3985 1166 4059 hasta,
1214 3983 1384 4050 cuius
1429 3984 1632 4066 infimo
1677 3984 1815 4070 pedi
1864 4002 2103 4048 annexa
2145 3991 2236 4047 est
2279 3982 2441 4048 linea
2476 3982 2724 4069 obliqua
2760 3982 2993 4049 litterae
3031 3983 3148 4049 iui-

583 4086 740 4152 tialis
802 4088 1253 4153 Lucerinorum.
1324 4086 1400 4152 Hi
1448 4108 1590 4153 vero
1638 4107 1747 4173 pro
1795 4088 2029 4152 taeniae
2074 4088 2375 4151 lemniscis
2429 4087 2836 4169 imaginantur
2878 4086 2961 4152 ibi
3007 4107 3147 4153 esse

580 4190 782 4278 polypi
829 4191 1042 4286 pedes,
1091 4197 1153 4256 et
1196 4211 1309 4289 pro
1354 4192 1549 4284 capite
1597 4191 1784 4278 thyrsi
1831 4189 2210 4255 somniarunt
2254 4191 2455 4282 polypi
2503 4210 2743 4281 corpus,
