<?xml version="1.0" encoding="UTF-8"?>
<!DOCTYPE html PUBLIC "-//W3C//DTD XHTML 1.0 Transitional//EN"
    "http://www.w3.org/TR/xhtml1/DTD/xhtml1-transitional.dtd">
<html xmlns="http://www.w3.org/1999/xhtml" xml:lang="en" lang="en">
 <head>
  <title>
</title>
<meta http-equiv="Content-Type" content="text/html;charset=utf-8" />
  <meta name='ocr-system' content='tesseract 3.04.00' />
  <meta name='ocr-capabilities' content='ocr_page ocr_carea ocr_par ocr_line ocrx_word'/>
</head>
<body>
  <div class='ocr_page' id='page_1' title='image "./syllogeinscript01garrgoog_0150.png"; bbox 0 0 3440 5114; ppageno 0'>
   <div class='ocr_carea' id='block_1_1' title="bbox 475 264 3139 2646">
    <p class='ocr_par' dir='ltr' id='par_1_1' title="bbox 531 264 628 335">
     <span class='ocr_line' id='line_1_1' title="bbox 531 264 628 335; baseline 0.01 -1"><span class='ocrx_word' id='word_1_1' title='bbox 531 264 628 335; x_wconf 61' lang='lat'><strong>{36</strong></span> 
     </span>
    </p>

    <p class='ocr_par' dir='ltr' id='par_1_2' title="bbox 493 396 3139 1309">
     <span class='ocr_line' id='line_1_2' title="bbox 496 396 3139 485; baseline -0.002 -20"><span class='ocrx_word' id='word_1_2' title='bbox 496 398 696 466; x_wconf 87' lang='lat' dir='ltr'><strong>blicae</strong></span> <span class='ocrx_word' id='word_1_3' title='bbox 733 406 928 464; x_wconf 83' lang='lat' dir='ltr'><strong>aetate</strong></span> <span class='ocrx_word' id='word_1_4' title='bbox 965 398 1239 485; x_wconf 81' lang='lat' dir='ltr'>percussi</span> <span class='ocrx_word' id='word_1_5' title='bbox 1281 396 1645 484; x_wconf 83' lang='lat' dir='ltr'><strong>appareant,</strong></span> <span class='ocrx_word' id='word_1_6' title='bbox 1683 400 1843 463; x_wconf 86' lang='lat' dir='ltr'><strong>hunc</strong></span> <span class='ocrx_word' id='word_1_7' title='bbox 1878 400 1991 464; x_wconf 85' lang='lat' dir='ltr'>sibi</span> <span class='ocrx_word' id='word_1_8' title='bbox 2028 401 2333 465; x_wconf 85' lang='lat' dir='ltr'><strong>vindicant</strong></span> <span class='ocrx_word' id='word_1_9' title='bbox 2362 400 2582 464; x_wconf 90' lang='lat' dir='ltr'><strong>locum.</strong></span> <span class='ocrx_word' id='word_1_10' title='bbox 2633 400 2773 464; x_wconf 80' lang='lat' dir='ltr'><strong>Post</strong></span> <span class='ocrx_word' id='word_1_11' title='bbox 2804 399 3139 485; x_wconf 79' lang='lat' dir='ltr'><strong>principem</strong></span> 
     </span>
     <span class='ocr_line' id='line_1_3' title="bbox 496 501 3131 589; baseline 0 -23"><span class='ocrx_word' id='word_1_12' title='bbox 496 504 570 567; x_wconf 90' lang='lat' dir='ltr'><strong>de</strong></span> <span class='ocrx_word' id='word_1_13' title='bbox 616 505 1014 568; x_wconf 83' lang='lat' dir='ltr'><strong>Torremuzza</strong></span> <span class='ocrx_word' id='word_1_14' title='bbox 1059 511 1118 566; x_wconf 91' lang='lat' dir='ltr'><strong>et</strong></span> <span class='ocrx_word' id='word_1_15' title='bbox 1163 502 1530 567; x_wconf 86' lang='lat' dir='ltr'><strong>Landolinos</strong></span> <span class='ocrx_word' id='word_1_16' title='bbox 1577 511 1637 568; x_wconf 91' lang='lat' dir='ltr'><strong>et</strong></span> <span class='ocrx_word' id='word_1_17' title='bbox 1681 501 1954 569; x_wconf 85' lang='lat' dir='ltr'><strong>Riccium</strong></span> <span class='ocrx_word' id='word_1_18' title='bbox 1984 511 2322 588; x_wconf 88' lang='lat' dir='ltr'><strong>postremus</strong></span> <span class='ocrx_word' id='word_1_19' title='bbox 2355 503 2428 566; x_wconf 88' lang='lat' dir='ltr'><strong>de</strong></span> <span class='ocrx_word' id='word_1_20' title='bbox 2461 504 2555 568; x_wconf 88' lang='lat' dir='ltr'><strong>his</strong></span> <span class='ocrx_word' id='word_1_21' title='bbox 2589 504 2853 589; x_wconf 85' lang='lat' dir='ltr'><strong>disputat</strong></span> <span class='ocrx_word' id='word_1_22' title='bbox 2881 501 3131 568; x_wconf 80' lang='lat' dir='ltr'><strong>Momm-</strong></span> 
     </span>
     <span class='ocr_line' id='line_1_4' title="bbox 498 606 3131 692; baseline -0.001 -21"><span class='ocrx_word' id='word_1_23' title='bbox 498 608 703 671; x_wconf 86' lang='lat' dir='ltr'><strong>senius</strong></span> <span class='ocrx_word' id='word_1_24' title='bbox 750 628 806 691; x_wconf 87' lang='lat' dir='ltr'><strong>p.</strong></span> <span class='ocrx_word' id='word_1_25' title='bbox 858 612 973 671; x_wconf 73' lang='grc'><strong>143</strong></span> <span class='ocrx_word' id='word_1_26' title='bbox 1021 627 1150 691; x_wconf 89' lang='lat' dir='ltr'><strong>seq.</strong></span> <span class='ocrx_word' id='word_1_27' title='bbox 1181 656 1194 681; x_wconf 95' lang='lat'><em>,</em></span> <span class='ocrx_word' id='word_1_28' title='bbox 1256 606 1398 670; x_wconf 84' lang='lat' dir='ltr'><strong>nihil</strong></span> <span class='ocrx_word' id='word_1_29' title='bbox 1462 613 1656 671; x_wconf 88' lang='lat' dir='ltr'><strong>tamen</strong></span> <span class='ocrx_word' id='word_1_30' title='bbox 1718 607 1951 671; x_wconf 66' lang='lat' dir='ltr'><strong>addens</strong></span> <span class='ocrx_word' id='word_1_31' title='bbox 2000 607 2073 672; x_wconf 89' lang='lat' dir='ltr'><strong>de</strong></span> <span class='ocrx_word' id='word_1_32' title='bbox 2119 628 2271 685; x_wconf 78' lang='lat' dir='ltr'><strong>sun,</strong></span> <span class='ocrx_word' id='word_1_33' title='bbox 2328 606 2555 692; x_wconf 87' lang='lat' dir='ltr'><strong>quippe</strong></span> <span class='ocrx_word' id='word_1_34' title='bbox 2603 609 2705 691; x_wconf 87' lang='lat' dir='ltr'><strong>qui</strong></span> <span class='ocrx_word' id='word_1_35' title='bbox 2754 608 3013 670; x_wconf 74' lang='lat' dir='ltr'><strong>fateatur</strong></span> <span class='ocrx_word' id='word_1_36' title='bbox 3055 606 3131 670; x_wconf 84' lang='lat' dir='ltr'><strong>ad</strong></span> 
     </span>
     <span class='ocr_line' id='line_1_5' title="bbox 497 698 3128 794; baseline -0 -20"><span class='ocrx_word' id='word_1_37' title='bbox 497 705 826 794; x_wconf 64' lang='lat' dir='ltr'><strong>archetypa</strong></span> <span class='ocrx_word' id='word_1_38' title='bbox 870 698 1189 775; x_wconf 72' lang='lat' dir='ltr'>editionem</span> <span class='ocrx_word' id='word_1_39' title='bbox 1239 712 1483 792; x_wconf 74' lang='lat' dir='ltr'><strong>exigere</strong></span> <span class='ocrx_word' id='word_1_40' title='bbox 1532 710 1645 773; x_wconf 86' lang='lat' dir='ltr'><strong>sibi</strong></span> <span class='ocrx_word' id='word_1_41' title='bbox 1696 729 1909 794; x_wconf 89' lang='lat' dir='ltr'><strong>parum</strong></span> <span class='ocrx_word' id='word_1_42' title='bbox 1958 711 2219 774; x_wconf 83' lang='lat' dir='ltr'>licuisse.</span> <span class='ocrx_word' id='word_1_43' title='bbox 2289 710 2415 793; x_wconf 84' lang='lat' dir='ltr'><strong>Ego</strong></span> <span class='ocrx_word' id='word_1_44' title='bbox 2462 709 2617 774; x_wconf 89' lang='lat' dir='ltr'><strong>hanc</strong></span> <span class='ocrx_word' id='word_1_45' title='bbox 2665 712 2942 774; x_wconf 80' lang='lat' dir='ltr'><strong>lacunam</strong></span> <span class='ocrx_word' id='word_1_46' title='bbox 2988 730 3128 794; x_wconf 87' lang='lat' dir='ltr'><strong>sup-</strong></span> 
     </span>
     <span class='ocr_line' id='line_1_6' title="bbox 500 812 3131 897; baseline -0.001 -21"><span class='ocrx_word' id='word_1_47' title='bbox 500 813 664 897; x_wconf 91' lang='lat' dir='ltr'><strong>plere</strong></span> <span class='ocrx_word' id='word_1_48' title='bbox 712 812 1013 887; x_wconf 88' lang='lat' dir='ltr'><strong>conabor,</strong></span> <span class='ocrx_word' id='word_1_49' title='bbox 1061 831 1425 897; x_wconf 82' lang='lat' dir='ltr'><strong>quamquam</strong></span> <span class='ocrx_word' id='word_1_50' title='bbox 1475 812 1740 877; x_wconf 87' lang='lat' dir='ltr'><strong>Siciliam</strong></span> <span class='ocrx_word' id='word_1_51' title='bbox 1790 834 1906 875; x_wconf 88' lang='lat' dir='ltr'><strong>non</strong></span> <span class='ocrx_word' id='word_1_52' title='bbox 1954 814 2246 885; x_wconf 76' lang='lat' dir='ltr'><strong>adierim,</strong></span> <span class='ocrx_word' id='word_1_53' title='bbox 2296 834 2370 877; x_wconf 85' lang='lat' dir='ltr'><strong>ex</strong></span> <span class='ocrx_word' id='word_1_54' title='bbox 2416 814 2971 897; x_wconf 88' lang='lat' dir='ltr'><strong>quantulacumque</strong></span> <span class='ocrx_word' id='word_1_55' title='bbox 3017 830 3131 896; x_wconf 88' lang='lat' dir='ltr'><strong>ope</strong></span> 
     </span>
     <span class='ocr_line' id='line_1_7' title="bbox 496 916 3130 1002; baseline -0.001 -22"><span class='ocrx_word' id='word_1_56' title='bbox 496 937 674 1000; x_wconf 89' lang='lat' dir='ltr'><strong>quam</strong></span> <span class='ocrx_word' id='word_1_57' title='bbox 726 917 864 979; x_wconf 87' lang='lat' dir='ltr'><strong>mihi</strong></span> <span class='ocrx_word' id='word_1_58' title='bbox 914 917 1112 980; x_wconf 88' lang='lat' dir='ltr'><strong>attulit</strong></span> <span class='ocrx_word' id='word_1_59' title='bbox 1156 924 1362 981; x_wconf 78' lang='lat' dir='ltr'><strong>noster</strong></span> <span class='ocrx_word' id='word_1_60' title='bbox 1408 917 1698 1000; x_wconf 84' lang='lat' dir='ltr'><strong>losephus</strong></span> <span class='ocrx_word' id='word_1_61' title='bbox 1748 917 2082 993; x_wconf 76' lang='lat' dir='ltr'><strong>RomanuS,</strong></span> <span class='ocrx_word' id='word_1_62' title='bbox 2117 916 2275 1002; x_wconf 88' lang='lat' dir='ltr'><strong>apud</strong></span> <span class='ocrx_word' id='word_1_63' title='bbox 2311 922 2671 1000; x_wconf 71' lang='lat' dir='ltr'><strong>quem&#39;quos</strong></span> <span class='ocrx_word' id='word_1_64' title='bbox 2705 936 2816 998; x_wconf 83' lang='lat' dir='ltr'><strong>ego</strong></span> <span class='ocrx_word' id='word_1_65' title='bbox 2848 921 3130 978; x_wconf 82' lang='lat' dir='ltr'><strong>accurate</strong></span> 
     </span>
     <span class='ocr_line' id='line_1_8' title="bbox 497 1017 3127 1103; baseline -0.001 -21"><span class='ocrx_word' id='word_1_66' title='bbox 497 1020 833 1083; x_wconf 84' lang='lat' dir='ltr'><strong>examinavi</strong></span> <span class='ocrx_word' id='word_1_67' title='bbox 896 1019 1201 1083; x_wconf 78' lang='lat' dir='ltr'><strong>describo,</strong></span> <span class='ocrx_word' id='word_1_68' title='bbox 1271 1019 1497 1082; x_wconf 82' lang='lat' dir='ltr'><strong>Horum</strong></span> <span class='ocrx_word' id='word_1_69' title='bbox 1557 1022 1792 1103; x_wconf 84' lang='lat' dir='ltr'><strong>copiam</strong></span> <span class='ocrx_word' id='word_1_70' title='bbox 1842 1019 1899 1081; x_wconf 89' lang='lat' dir='ltr'><strong>in</strong></span> <span class='ocrx_word' id='word_1_71' title='bbox 1950 1021 2104 1083; x_wconf 88' lang='lat' dir='ltr'><strong>duas</strong></span> <span class='ocrx_word' id='word_1_72' title='bbox 2151 1019 2379 1081; x_wconf 75' lang='lat' dir='ltr'><strong>classes</strong></span> <span class='ocrx_word' id='word_1_73' title='bbox 2427 1017 2897 1082; x_wconf 80' lang='lat' dir='ltr'><strong>distribuendam</strong></span> <span class='ocrx_word' id='word_1_74' title='bbox 2941 1024 3127 1102; x_wconf 90' lang='lat' dir='ltr'><strong>puto:</strong></span> 
     </span>
     <span class='ocr_line' id='line_1_9' title="bbox 495 1116 3130 1206; baseline -0.001 -20"><span class='ocrx_word' id='word_1_75' title='bbox 495 1141 713 1205; x_wconf 86' lang='lat' dir='ltr'><strong>nempe</strong></span> <span class='ocrx_word' id='word_1_76' title='bbox 759 1121 813 1184; x_wconf 88' lang='lat' dir='ltr'><strong>in</strong></span> <span class='ocrx_word' id='word_1_77' title='bbox 863 1140 966 1185; x_wconf 88' lang='lat' dir='ltr'><strong>eos</strong></span> <span class='ocrx_word' id='word_1_78' title='bbox 1014 1124 1117 1205; x_wconf 88' lang='lat' dir='ltr'><strong>qui</strong></span> <span class='ocrx_word' id='word_1_79' title='bbox 1168 1120 1465 1206; x_wconf 80' lang='lat' dir='ltr'><strong>probabili</strong></span> <span class='ocrx_word' id='word_1_80' title='bbox 1512 1121 1865 1185; x_wconf 87' lang='lat' dir='ltr'><strong>coniectura</strong></span> <span class='ocrx_word' id='word_1_81' title='bbox 1912 1120 2181 1206; x_wconf 73' lang='lat' dir='ltr'><strong>Lilybaei</strong></span> <span class='ocrx_word' id='word_1_82' title='bbox 2230 1128 2370 1185; x_wconf 87' lang='lat' dir='ltr'><strong>sunt</strong></span> <span class='ocrx_word' id='word_1_83' title='bbox 2416 1123 2722 1204; x_wconf 85' lang='lat' dir='ltr'><strong>percussi,</strong></span> <span class='ocrx_word' id='word_1_84' title='bbox 2757 1128 2818 1184; x_wconf 89' lang='lat' dir='ltr'><strong>et</strong></span> <span class='ocrx_word' id='word_1_85' title='bbox 2861 1116 2984 1204; x_wconf 65' lang='lat' dir='ltr'><strong>qui*</strong></span> <span class='ocrx_word' id='word_1_86' title='bbox 3014 1119 3130 1183; x_wconf 81' lang='lat' dir='ltr'><strong>Pa-</strong></span> 
     </span>
     <span class='ocr_line' id='line_1_10' title="bbox 493 1225 1648 1309; baseline 0 -20"><span class='ocrx_word' id='word_1_87' title='bbox 493 1228 832 1290; x_wconf 88' lang='lat' dir='ltr'><strong>normitana</strong></span> <span class='ocrx_word' id='word_1_88' title='bbox 877 1246 948 1289; x_wconf 84' lang='lat' dir='ltr'><strong>ex</strong></span> <span class='ocrx_word' id='word_1_89' title='bbox 995 1225 1233 1289; x_wconf 78' lang='lat' dir='ltr'><strong>officina</strong></span> <span class='ocrx_word' id='word_1_90' title='bbox 1282 1226 1648 1309; x_wconf 80' lang='lat' dir='ltr'><strong>prodierunt.</strong></span> 
     </span>
    </p>

    <p class='ocr_par' dir='ltr' id='par_1_3' title="bbox 475 1328 3133 2646">
     <span class='ocr_line' id='line_1_11' title="bbox 579 1328 3133 1413; baseline 0.001 -23"><span class='ocrx_word' id='word_1_91' title='bbox 579 1329 1133 1393; x_wconf 85' lang='lat' dir='ltr'><strong>Panormitanorum</strong></span> <span class='ocrx_word' id='word_1_92' title='bbox 1184 1337 1356 1412; x_wconf 55' lang='lat' dir='ltr'><strong>typus</strong></span> <span class='ocrx_word' id='word_1_93' title='bbox 1405 1330 1761 1413; x_wconf 83' lang='lat' dir='ltr'><strong>plerumque</strong></span> <span class='ocrx_word' id='word_1_94' title='bbox 1810 1330 1867 1390; x_wconf 90' lang='lat' dir='ltr'><strong>in</strong></span> <span class='ocrx_word' id='word_1_95' title='bbox 1918 1328 2248 1392; x_wconf 80' lang='lat' dir='ltr'><strong>maioribus</strong></span> <span class='ocrx_word' id='word_1_96' title='bbox 2295 1330 2552 1393; x_wconf 85' lang='lat' dir='ltr'><strong>nummis</strong></span> <span class='ocrx_word' id='word_1_97' title='bbox 2600 1336 2689 1391; x_wconf 86' lang='lat' dir='ltr'><strong>est</strong></span> <span class='ocrx_word' id='word_1_98' title='bbox 2733 1336 2913 1413; x_wconf 88' lang='lat' dir='ltr'><strong>caput</strong></span> <span class='ocrx_word' id='word_1_99' title='bbox 2970 1330 3133 1392; x_wconf 81' lang='lat' dir='ltr'><strong>lovis</strong></span> 
     </span>
     <span class='ocr_line' id='line_1_12' title="bbox 491 1430 3129 1515; baseline 0 -21"><span class='ocrx_word' id='word_1_100' title='bbox 491 1440 547 1495; x_wconf 91' lang='lat' dir='ltr'><strong>et</strong></span> <span class='ocrx_word' id='word_1_101' title='bbox 594 1434 649 1495; x_wconf 90' lang='lat' dir='ltr'><strong>in</strong></span> <span class='ocrx_word' id='word_1_102' title='bbox 700 1430 930 1515; x_wconf 82' lang='lat' dir='ltr'><strong>postica</strong></span> <span class='ocrx_word' id='word_1_103' title='bbox 978 1430 1147 1493; x_wconf 82' lang='lat' dir='ltr'><strong>miles</strong></span> <span class='ocrx_word' id='word_1_104' title='bbox 1194 1433 1403 1493; x_wconf 79' lang='lat' dir='ltr'><strong>hastae</strong></span> <span class='ocrx_word' id='word_1_105' title='bbox 1473 1433 1712 1494; x_wconf 79' lang='lat' dir='ltr'><strong>innixus</strong></span> <span class='ocrx_word' id='word_1_106' title='bbox 1747 1483 1761 1507; x_wconf 84' lang='lat'><em>‚</em></span> <span class='ocrx_word' id='word_1_107' title='bbox 1828 1441 2092 1514; x_wconf 79' lang='lat' dir='ltr'><strong>pateram</strong></span> <span class='ocrx_word' id='word_1_108' title='bbox 2160 1434 2369 1496; x_wconf 81' lang='lat' dir='ltr'><strong>dextra</strong></span> <span class='ocrx_word' id='word_1_109' title='bbox 2429 1439 2706 1515; x_wconf 80' lang='lat' dir='ltr'><strong>porrecta</strong></span> <span class='ocrx_word' id='word_1_110' title='bbox 2767 1440 2996 1495; x_wconf 80' lang='lat' dir='ltr'><strong>tenens.</strong></span> <span class='ocrx_word' id='word_1_111' title='bbox 3063 1430 3129 1494; x_wconf 88' lang='lat' dir='ltr'><strong>ln</strong></span> 
     </span>
     <span class='ocr_line' id='line_1_13' title="bbox 491 1533 3122 1618; baseline 0 -21"><span class='ocrx_word' id='word_1_112' title='bbox 491 1553 635 1598; x_wconf 88' lang='lat' dir='ltr'><strong>area</strong></span> <span class='ocrx_word' id='word_1_113' title='bbox 682 1536 894 1596; x_wconf 88' lang='lat' dir='ltr'><strong>visitur</strong></span> <span class='ocrx_word' id='word_1_114' title='bbox 939 1554 1388 1613; x_wconf 82' lang='lat' dir='ltr'><strong>monogramma</strong></span> <span class='ocrx_word' id='word_1_115' title='bbox 1437 1535 1645 1598; x_wconf 71' lang='lat' dir='ltr'><strong>urbem</strong></span> <span class='ocrx_word' id='word_1_116' title='bbox 1696 1533 2023 1613; x_wconf 64' lang='lat' dir='ltr'><strong>designans</strong></span> <span class='ocrx_word' id='word_1_117' title='bbox 2078 1542 2154 1606; x_wconf 62' lang='lat' dir='ltr'><strong>FP</strong></span> <span class='ocrx_word' id='word_1_118' title='bbox 2200 1555 2504 1618; x_wconf 88' lang='lat' dir='ltr'><strong>nunquam</strong></span> <span class='ocrx_word' id='word_1_119' title='bbox 2539 1556 2654 1598; x_wconf 87' lang='lat' dir='ltr'><strong>non</strong></span> <span class='ocrx_word' id='word_1_120' title='bbox 2689 1554 2927 1615; x_wconf 82' lang='lat' dir='ltr'><strong>graece.</strong></span> <span class='ocrx_word' id='word_1_121' title='bbox 2973 1534 3122 1598; x_wconf 85' lang='lat' dir='ltr'><strong>Nam</strong></span> 
     </span>
     <span class='ocr_line' id='line_1_14' title="bbox 487 1634 3123 1722; baseline -0 -20"><span class='ocrx_word' id='word_1_122' title='bbox 487 1638 646 1720; x_wconf 89' lang='lat' dir='ltr'><strong>quod</strong></span> <span class='ocrx_word' id='word_1_123' title='bbox 696 1657 1143 1717; x_wconf 81' lang='lat' dir='ltr'><strong>monogramma</strong></span> <span class='ocrx_word' id='word_1_124' title='bbox 1188 1636 1534 1700; x_wconf 85' lang='lat' dir='ltr'><strong>inscribitur</strong></span> <span class='ocrx_word' id='word_1_125' title='bbox 1594 1648 1716 1713; x_wconf 59' lang='lat' dir='ltr'><strong>VR,</strong></span> <span class='ocrx_word' id='word_1_126' title='bbox 1780 1637 2121 1721; x_wconf 87' lang='lat' dir='ltr'><strong>lectumque</strong></span> <span class='ocrx_word' id='word_1_127' title='bbox 2184 1647 2276 1701; x_wconf 84' lang='lat' dir='ltr'><strong>est</strong></span> <span class='ocrx_word' id='word_1_128' title='bbox 2342 1638 2667 1722; x_wconf 86' lang='lat' dir='ltr'><strong>aliquando</strong></span> <span class='ocrx_word' id='word_1_129' title='bbox 2730 1646 2823 1709; x_wconf 75' lang='grc' dir='ltr'><strong>Π,</strong></span> <span class='ocrx_word' id='word_1_130' title='bbox 2870 1637 2945 1701; x_wconf 86' lang='lat' dir='ltr'><strong>ab</strong></span> <span class='ocrx_word' id='word_1_131' title='bbox 2990 1634 3123 1701; x_wconf 88' lang='lat' dir='ltr'><strong>aliis</strong></span> 
     </span>
     <span class='ocr_line' id='line_1_15' title="bbox 486 1739 3124 1824; baseline 0.001 -22"><span class='ocrx_word' id='word_1_132' title='bbox 486 1739 778 1804; x_wconf 86' lang='lat' dir='ltr'><strong>hactenus</strong></span> <span class='ocrx_word' id='word_1_133' title='bbox 834 1761 939 1824; x_wconf 89' lang='lat' dir='ltr'><strong>pro</strong></span> <span class='ocrx_word' id='word_1_134' title='bbox 1007 1740 1396 1822; x_wconf 70' lang='lat' dir='ltr'><strong>l’(an)or{mo)</strong></span> <span class='ocrx_word' id='word_1_135' title='bbox 1459 1740 1652 1807; x_wconf 81' lang='lat' dir='ltr'><strong>male,</strong></span> <span class='ocrx_word' id='word_1_136' title='bbox 1714 1761 1748 1803; x_wconf 91' lang='lat' dir='ltr'><strong>a</strong></span> <span class='ocrx_word' id='word_1_137' title='bbox 1808 1740 2203 1803; x_wconf 76' lang='lat' dir='ltr'><strong>Mommsenio</strong></span> <span class='ocrx_word' id='word_1_138' title='bbox 2270 1761 2378 1824; x_wconf 90' lang='lat' dir='ltr'><strong>pro</strong></span> <span class='ocrx_word' id='word_1_139' title='bbox 2442 1742 2644 1822; x_wconf 59' lang='lat' dir='ltr'><strong>Peroe)</strong></span> <span class='ocrx_word' id='word_1_140' title='bbox 2715 1740 3124 1824; x_wconf 77' lang='lat' dir='ltr'><strong>imprudenter</strong></span> 
     </span>
     <span class='ocr_line' id='line_1_16' title="bbox 484 1842 3123 1928; baseline 0.001 -24"><span class='ocrx_word' id='word_1_141' title='bbox 484 1852 798 1925; x_wconf 78' lang='lat' dir='ltr'><strong>acceptum</strong></span> <span class='ocrx_word' id='word_1_142' title='bbox 848 1852 955 1904; x_wconf 79' lang='lat' dir='ltr'><strong>est.</strong></span> <span class='ocrx_word' id='word_1_143' title='bbox 1005 1843 1316 1925; x_wconf 72' lang='lat' dir='ltr'><strong>Siquidem</strong></span> <span class='ocrx_word' id='word_1_144' title='bbox 1365 1844 1527 1924; x_wconf 83' lang='lat' dir='ltr'><strong>quod</strong></span> <span class='ocrx_word' id='word_1_145' title='bbox 1576 1844 1635 1905; x_wconf 91' lang='lat' dir='ltr'><strong>in</strong></span> <span class='ocrx_word' id='word_1_146' title='bbox 1684 1843 1885 1906; x_wconf 83' lang='lat' dir='ltr'><strong>media</strong></span> <span class='ocrx_word' id='word_1_147' title='bbox 1936 1848 1982 1913; x_wconf 91' lang='grc' dir='ltr'><strong>Π</strong></span> <span class='ocrx_word' id='word_1_148' title='bbox 2036 1846 2265 1917; x_wconf 81' lang='lat' dir='ltr'><strong>visitur,</strong></span> <span class='ocrx_word' id='word_1_149' title='bbox 2315 1864 2432 1906; x_wconf 86' lang='lat' dir='ltr'><strong>non</strong></span> <span class='ocrx_word' id='word_1_150' title='bbox 2481 1851 2571 1905; x_wconf 88' lang='lat' dir='ltr'><strong>est</strong></span> <span class='ocrx_word' id='word_1_151' title='bbox 2607 1842 2903 1916; x_wconf 81' lang='lat' dir='ltr'><strong>circellus,</strong></span> <span class='ocrx_word' id='word_1_152' title='bbox 2942 1863 3123 1928; x_wconf 88' lang='lat' dir='ltr'><strong>quem</strong></span> 
     </span>
     <span class='ocr_line' id='line_1_17' title="bbox 485 1944 3127 2030; baseline 0 -22"><span class='ocrx_word' id='word_1_153' title='bbox 485 1967 593 2030; x_wconf 91' lang='lat' dir='ltr'><strong>pro</strong></span> <span class='ocrx_word' id='word_1_154' title='bbox 640 1945 836 2008; x_wconf 73' lang='lat' dir='ltr'><strong>littera</strong></span> <span class='ocrx_word' id='word_1_155' title='bbox 886 1951 947 2015; x_wconf 87' lang='lat' dir='ltr'>O</span> <span class='ocrx_word' id='word_1_156' title='bbox 996 1965 1235 2007; x_wconf 77' lang='lat' dir='ltr'><strong>sumere</strong></span> <span class='ocrx_word' id='word_1_157' title='bbox 1285 1944 1496 2014; x_wconf 80' lang='lat' dir='ltr'><strong>liceat.</strong></span> <span class='ocrx_word' id='word_1_158' title='bbox 1547 1946 1651 2007; x_wconf 88' lang='lat' dir='ltr'><strong>sed</strong></span> <span class='ocrx_word' id='word_1_159' title='bbox 1700 1945 1982 2025; x_wconf 71' lang='lat' dir='ltr'><strong>globulus</strong></span> <span class='ocrx_word' id='word_1_160' title='bbox 2030 1968 2101 2009; x_wconf 82' lang='lat' dir='ltr'><strong>ea</strong></span> <span class='ocrx_word' id='word_1_161' title='bbox 2151 1946 2370 2022; x_wconf 81' lang='lat' dir='ltr'><strong>forma,</strong></span> <span class='ocrx_word' id='word_1_162' title='bbox 2409 1968 2532 2030; x_wconf 90' lang='lat' dir='ltr'><strong>qua</strong></span> <span class='ocrx_word' id='word_1_163' title='bbox 2570 1948 2789 2010; x_wconf 85' lang='lat' dir='ltr'><strong>unciae</strong></span> <span class='ocrx_word' id='word_1_164' title='bbox 2817 1946 3013 2010; x_wconf 87' lang='lat' dir='ltr'><strong>solent</strong></span> <span class='ocrx_word' id='word_1_165' title='bbox 3043 1944 3127 2009; x_wconf 91' lang='lat' dir='ltr'><strong>si-</strong></span> 
     </span>
     <span class='ocr_line' id='line_1_18' title="bbox 483 2046 3121 2135; baseline 0.001 -23"><span class='ocrx_word' id='word_1_166' title='bbox 483 2046 758 2129; x_wconf 82' lang='lat' dir='ltr'><strong>gnificari</strong></span> <span class='ocrx_word' id='word_1_167' title='bbox 809 2049 862 2109; x_wconf 85' lang='lat' dir='ltr'><strong>in</strong></span> <span class='ocrx_word' id='word_1_168' title='bbox 914 2049 1184 2110; x_wconf 82' lang='lat' dir='ltr'><strong>nummis.</strong></span> <span class='ocrx_word' id='word_1_169' title='bbox 1237 2047 1642 2131; x_wconf 70' lang='lat' dir='ltr'><strong>Lilybaetanis</strong></span> <span class='ocrx_word' id='word_1_170' title='bbox 1691 2048 1803 2113; x_wconf 86' lang='lat' dir='ltr'><strong>suit</strong></span> <span class='ocrx_word' id='word_1_171' title='bbox 1848 2068 2142 2132; x_wconf 73' lang='lat' dir='ltr'><strong>persaepe</strong></span> <span class='ocrx_word' id='word_1_172' title='bbox 2193 2056 2515 2135; x_wconf 86' lang='lat' dir='ltr'><strong>usurpatus</strong></span> <span class='ocrx_word' id='word_1_173' title='bbox 2547 2048 2779 2116; x_wconf 78' lang='lat' dir='ltr'><strong>bifrons</strong></span> <span class='ocrx_word' id='word_1_174' title='bbox 2827 2069 2933 2133; x_wconf 89' lang='lat' dir='ltr'><strong>pro</strong></span> <span class='ocrx_word' id='word_1_175' title='bbox 2979 2056 3121 2134; x_wconf 81' lang='lat' dir='ltr'><strong>typo</strong></span> 
     </span>
     <span class='ocr_line' id='line_1_19' title="bbox 483 2148 3120 2234; baseline 0.001 -21"><span class='ocrx_word' id='word_1_176' title='bbox 483 2151 707 2214; x_wconf 90' lang='lat' dir='ltr'><strong>nummi</strong></span> <span class='ocrx_word' id='word_1_177' title='bbox 756 2152 1000 2213; x_wconf 86' lang='lat' dir='ltr'><strong>maioris</strong></span> <span class='ocrx_word' id='word_1_178' title='bbox 1046 2156 1102 2211; x_wconf 87' lang='lat' dir='ltr'><strong>et</strong></span> <span class='ocrx_word' id='word_1_179' title='bbox 1151 2152 1273 2212; x_wconf 80' lang='lat' dir='ltr'><strong>fere</strong></span> <span class='ocrx_word' id='word_1_180' title='bbox 1322 2148 1579 2232; x_wconf 88' lang='lat' dir='ltr'><strong>partium</strong></span> <span class='ocrx_word' id='word_1_181' title='bbox 1629 2150 2072 2223; x_wconf 78' lang='lat' dir='ltr'><strong>subiectarum,</strong></span> <span class='ocrx_word' id='word_1_182' title='bbox 2119 2151 2177 2213; x_wconf 88' lang='lat' dir='ltr'><strong>in</strong></span> <span class='ocrx_word' id='word_1_183' title='bbox 2229 2154 2459 2234; x_wconf 89' lang='lat' dir='ltr'><strong>postica</strong></span> <span class='ocrx_word' id='word_1_184' title='bbox 2506 2172 2647 2217; x_wconf 82' lang='lat' dir='ltr'><strong>vero</strong></span> <span class='ocrx_word' id='word_1_185' title='bbox 2686 2151 2915 2225; x_wconf 85' lang='lat' dir='ltr'><strong>laurea,</strong></span> <span class='ocrx_word' id='word_1_186' title='bbox 2948 2153 3120 2217; x_wconf 88' lang='lat' dir='ltr'><strong>cuius</strong></span> 
     </span>
     <span class='ocr_line' id='line_1_20' title="bbox 481 2252 3114 2339; baseline 0.001 -23"><span class='ocrx_word' id='word_1_187' title='bbox 481 2256 539 2317; x_wconf 89' lang='lat' dir='ltr'><strong>in</strong></span> <span class='ocrx_word' id='word_1_188' title='bbox 586 2254 780 2316; x_wconf 88' lang='lat' dir='ltr'><strong>medio</strong></span> <span class='ocrx_word' id='word_1_189' title='bbox 825 2272 946 2336; x_wconf 86' lang='lat' dir='ltr'><strong>quo</strong></span> <span class='ocrx_word' id='word_1_190' title='bbox 993 2253 1124 2315; x_wconf 90' lang='lat' dir='ltr'><strong>loco</strong></span> <span class='ocrx_word' id='word_1_191' title='bbox 1174 2271 1387 2315; x_wconf 75' lang='lat' dir='ltr'><strong>nomen</strong></span> <span class='ocrx_word' id='word_1_192' title='bbox 1438 2253 1825 2333; x_wconf 80' lang='lat' dir='ltr'><strong>magistratus</strong></span> <span class='ocrx_word' id='word_1_193' title='bbox 1874 2252 2120 2317; x_wconf 74' lang='lat' dir='ltr'><strong>inscribi</strong></span> <span class='ocrx_word' id='word_1_194' title='bbox 2182 2253 2373 2328; x_wconf 85' lang='lat' dir='ltr'><strong>solet,</strong></span> <span class='ocrx_word' id='word_1_195' title='bbox 2436 2255 2650 2318; x_wconf 86' lang='lat' dir='ltr'><strong>iisdem</strong></span> <span class='ocrx_word' id='word_1_196' title='bbox 2701 2256 2860 2339; x_wconf 80' lang='lat' dir='ltr'><strong>typis</strong></span> <span class='ocrx_word' id='word_1_197' title='bbox 2907 2273 3114 2319; x_wconf 90' lang='lat' dir='ltr'><strong>mono—</strong></span> 
     </span>
     <span class='ocr_line' id='line_1_21' title="bbox 478 2355 3116 2441; baseline 0.001 -21"><span class='ocrx_word' id='word_1_198' title='bbox 478 2363 810 2437; x_wconf 80' lang='lat' dir='ltr'><strong>grammate</strong></span> <span class='ocrx_word' id='word_1_199' title='bbox 859 2356 1130 2426; x_wconf 89' lang='lat' dir='ltr'><strong>ethnico,</strong></span> <span class='ocrx_word' id='word_1_200' title='bbox 1180 2358 1506 2418; x_wconf 86' lang='lat' dir='ltr'><strong>instructus</strong></span> <span class='ocrx_word' id='word_1_201' title='bbox 1555 2374 1830 2418; x_wconf 88' lang='lat' dir='ltr'><strong>nummus</strong></span> <span class='ocrx_word' id='word_1_202' title='bbox 1880 2355 2016 2418; x_wconf 90' lang='lat' dir='ltr'><strong>mihi</strong></span> <span class='ocrx_word' id='word_1_203' title='bbox 2067 2357 2231 2421; x_wconf 89' lang='lat' dir='ltr'><strong>visus</strong></span> <span class='ocrx_word' id='word_1_204' title='bbox 2280 2366 2321 2431; x_wconf 80' lang='lat'>1</span> <span class='ocrx_word' id='word_1_205' title='bbox 2373 2356 2554 2422; x_wconf 80' lang='lat' dir='ltr'><strong>fac-ile</strong></span> <span class='ocrx_word' id='word_1_206' title='bbox 2603 2357 2886 2422; x_wconf 86' lang='lat' dir='ltr'><strong>indicium</strong></span> <span class='ocrx_word' id='word_1_207' title='bbox 2936 2371 3116 2441; x_wconf 81' lang='lat' dir='ltr'><strong>prae-</strong></span> 
     </span>
     <span class='ocr_line' id='line_1_22' title="bbox 477 2456 3113 2541; baseline 0 -18"><span class='ocrx_word' id='word_1_208' title='bbox 477 2459 606 2523; x_wconf 88' lang='lat' dir='ltr'><strong>buit</strong></span> <span class='ocrx_word' id='word_1_209' title='bbox 652 2460 764 2523; x_wconf 90' lang='lat' dir='ltr'><strong>loci</strong></span> <span class='ocrx_word' id='word_1_210' title='bbox 818 2466 1023 2529; x_wconf 80' lang='grc' dir='ltr'><strong>ΛΙΛΥ.</strong></span> <span class='ocrx_word' id='word_1_211' title='bbox 1075 2456 1203 2520; x_wconf 84' lang='lat' dir='ltr'><strong>Hoc</strong></span> <span class='ocrx_word' id='word_1_212' title='bbox 1244 2459 1427 2539; x_wconf 83' lang='lat' dir='ltr'><strong>igitur</strong></span> <span class='ocrx_word' id='word_1_213' title='bbox 1460 2459 1539 2522; x_wconf 91' lang='lat' dir='ltr'><strong>uti</strong></span> <span class='ocrx_word' id='word_1_214' title='bbox 1575 2456 1811 2531; x_wconf 78' lang='lat' dir='ltr'><strong>licebit,</strong></span> <span class='ocrx_word' id='word_1_215' title='bbox 1847 2459 1975 2522; x_wconf 90' lang='lat' dir='ltr'><strong>iure</strong></span> <span class='ocrx_word' id='word_1_216' title='bbox 2010 2467 2178 2541; x_wconf 86' lang='lat' dir='ltr'><strong>puto,</strong></span> <span class='ocrx_word' id='word_1_217' title='bbox 2212 2467 2277 2524; x_wconf 92' lang='lat' dir='ltr'><strong>ut</strong></span> <span class='ocrx_word' id='word_1_218' title='bbox 2303 2460 2520 2524; x_wconf 89' lang='lat' dir='ltr'><strong>seriem</strong></span> <span class='ocrx_word' id='word_1_219' title='bbox 2560 2460 3113 2525; x_wconf 83' lang='lat' dir='ltr'><strong>Panormitanorum</strong></span> 
     </span>
     <span class='ocr_line' id='line_1_23' title="bbox 475 2562 2210 2646; baseline -0.001 -20"><span class='ocrx_word' id='word_1_220' title='bbox 475 2586 510 2626; x_wconf 85' lang='lat' dir='ltr'><strong>a</strong></span> <span class='ocrx_word' id='word_1_221' title='bbox 557 2564 876 2629; x_wconf 83' lang='lat' dir='ltr'><strong>discretam</strong></span> <span class='ocrx_word' id='word_1_222' title='bbox 927 2583 961 2627; x_wconf 90' lang='lat' dir='ltr'><strong>a</strong></span> <span class='ocrx_word' id='word_1_223' title='bbox 1007 2563 1165 2626; x_wconf 71' lang='lat' dir='ltr'><strong>serie</strong></span> <span class='ocrx_word' id='word_1_224' title='bbox 1216 2566 1246 2622; x_wconf 80' lang='lat' dir='ltr'><strong>b</strong></span> <span class='ocrx_word' id='word_1_225' title='bbox 1293 2562 1823 2646; x_wconf 72' lang='lat' dir='ltr'><strong>Lilybaetanorum</strong></span> <span class='ocrx_word' id='word_1_226' title='bbox 1875 2562 2210 2627; x_wconf 83' lang='lat' dir='ltr'><strong>exhibeam.</strong></span> 
     </span>
    </p>
   </div>
   <div class='ocr_carea' id='block_1_2' title="bbox 1025 2731 2561 2885">
    <p class='ocr_par' dir='ltr' id='par_1_4' title="bbox 1025 2731 2561 2885">
     <span class='ocr_line' id='line_1_24' title="bbox 1220 2731 2369 2800; baseline -0.001 -16"><span class='ocrx_word' id='word_1_227' title='bbox 1220 2733 1390 2784; x_wconf 80' lang='lat' dir='ltr'><strong>Series</strong></span> <span class='ocrx_word' id='word_1_228' title='bbox 1426 2751 1455 2780; x_wconf 84' lang='lat' dir='ltr'><strong>a</strong></span> <span class='ocrx_word' id='word_1_229' title='bbox 1496 2732 1646 2783; x_wconf 78' lang='lat' dir='ltr'><strong>cuius</strong></span> <span class='ocrx_word' id='word_1_230' title='bbox 1684 2737 1838 2800; x_wconf 61' lang='lat' dir='ltr'><strong>typus</strong></span> <span class='ocrx_word' id='word_1_231' title='bbox 1878 2731 1927 2781; x_wconf 86' lang='lat' dir='ltr'><strong>in</strong></span> <span class='ocrx_word' id='word_1_232' title='bbox 1969 2733 2165 2800; x_wconf 74' lang='lat' dir='ltr'><strong>postica</strong></span> <span class='ocrx_word' id='word_1_233' title='bbox 2202 2732 2369 2783; x_wconf 83' lang='lat' dir='ltr'><strong>miles.</strong></span> 
     </span>
     <span class='ocr_line' id='line_1_25' title="bbox 1025 2816 2561 2885; baseline 0.001 -18"><span class='ocrx_word' id='word_1_234' title='bbox 1025 2819 1228 2868; x_wconf 83' lang='lat' dir='ltr'><strong>Nummi</strong></span> <span class='ocrx_word' id='word_1_235' title='bbox 1269 2835 1398 2885; x_wconf 79' lang='lat' dir='ltr'><strong>quos</strong></span> <span class='ocrx_word' id='word_1_236' title='bbox 1435 2835 1528 2885; x_wconf 80' lang='lat' dir='ltr'><strong>ego</strong></span> <span class='ocrx_word' id='word_1_237' title='bbox 1565 2816 1791 2885; x_wconf 83' lang='lat' dir='ltr'><strong>expendi</strong></span> <span class='ocrx_word' id='word_1_238' title='bbox 1832 2817 2007 2868; x_wconf 73' lang='lat' dir='ltr'><strong>detriti</strong></span> <span class='ocrx_word' id='word_1_239' title='bbox 2046 2825 2194 2869; x_wconf 76' lang='lat' dir='ltr'><strong>erant</strong></span> <span class='ocrx_word' id='word_1_240' title='bbox 2230 2816 2335 2869; x_wconf 79' lang='lat' dir='ltr'><strong>sere</strong></span> <span class='ocrx_word' id='word_1_241' title='bbox 2371 2835 2561 2870; x_wconf 72' lang='lat' dir='ltr'><strong>omnes.</strong></span> 
     </span>
    </p>
   </div>
   <div class='ocr_carea' id='block_1_3' title="bbox 471 2976 2658 3574">
    <p class='ocr_par' dir='ltr' id='par_1_5' title="bbox 471 2976 2658 3574">
     <span class='ocr_line' id='line_1_26' title="bbox 473 2976 2335 3061; baseline 0 -22"><span class='ocrx_word' id='word_1_242' title='bbox 473 2979 613 3040; x_wconf 85' lang='grc'><strong>446.</strong></span> <span class='ocrx_word' id='word_1_243' title='bbox 723 2981 763 3045; x_wconf 79' lang='lat' dir='ltr'>C</span> <span class='ocrx_word' id='word_1_244' title='bbox 795 3005 808 3018; x_wconf 95' lang='lat'><strong>·</strong></span> <span class='ocrx_word' id='word_1_245' title='bbox 840 2977 1051 3046; x_wconf 61' lang='grc' dir='ltr'><strong>(ΑΗ)</strong></span> <span class='ocrx_word' id='word_1_246' title='bbox 1108 2977 1165 3037; x_wconf 85' lang='lat' dir='ltr'><strong>in</strong></span> <span class='ocrx_word' id='word_1_247' title='bbox 1214 2976 1481 3059; x_wconf 83' lang='lat' dir='ltr'><strong>postica;</strong></span> <span class='ocrx_word' id='word_1_248' title='bbox 1742 2977 1977 3061; x_wconf 90' lang='lat' dir='ltr'><strong>pondus</strong></span> <span class='ocrx_word' id='word_1_249' title='bbox 2024 2997 2110 3058; x_wconf 80' lang='lat' dir='ltr'><strong>gr.</strong></span> <span class='ocrx_word' id='word_1_250' title='bbox 2158 2983 2213 3052; x_wconf 87' lang='grc'><strong>6,</strong></span> <span class='ocrx_word' id='word_1_251' title='bbox 2235 2981 2335 3040; x_wconf 87' lang='grc'><strong>80.</strong></span> 
     </span>
     <span class='ocr_line' id='line_1_27' title="bbox 888 3078 2658 3162; baseline 0.002 -23"><span class='ocrx_word' id='word_1_252' title='bbox 888 3078 1318 3148; x_wconf 87' lang='lat' dir='ltr'><strong>Torremuzza‚</strong></span> <span class='ocrx_word' id='word_1_253' title='bbox 1369 3079 1511 3141; x_wconf 86' lang='lat' dir='ltr'><strong>lscr.</strong></span> <span class='ocrx_word' id='word_1_254' title='bbox 1562 3078 1620 3142; x_wconf 87' lang='lat' dir='ltr'><strong>di</strong></span> <span class='ocrx_word' id='word_1_255' title='bbox 1669 3079 1798 3143; x_wconf 83' lang='lat' dir='ltr'><strong>Pal.</strong></span> <span class='ocrx_word' id='word_1_256' title='bbox 1847 3099 1902 3162; x_wconf 89' lang='lat' dir='ltr'><strong>p.</strong></span> <span class='ocrx_word' id='word_1_257' title='bbox 1956 3083 2092 3142; x_wconf 67' lang='lat'><strong>⁴92.</strong></span> <span class='ocrx_word' id='word_1_258' title='bbox 2139 3078 2258 3142; x_wconf 92' lang='lat' dir='ltr'><strong>tab.</strong></span> <span class='ocrx_word' id='word_1_259' title='bbox 2309 3083 2405 3143; x_wconf 84' lang='lat' dir='ltr'><strong>tt.</strong></span> <span class='ocrx_word' id='word_1_260' title='bbox 2454 3098 2509 3144; x_wconf 91' lang='lat' dir='ltr'><strong>n.</strong></span> <span class='ocrx_word' id='word_1_261' title='bbox 2558 3083 2658 3143; x_wconf 72' lang='lat'><strong>20.</strong></span> 
     </span>
     <span class='ocr_line' id='line_1_28' title="bbox 471 3181 1994 3266; baseline 0 -21"><span class='ocrx_word' id='word_1_262' title='bbox 471 3185 609 3248; x_wconf 85' lang='grc'><strong>447.</strong></span> <span class='ocrx_word' id='word_1_263' title='bbox 718 3204 771 3244; x_wconf 90' lang='grc' dir='ltr'><strong>α.</strong></span> <span class='ocrx_word' id='word_1_264' title='bbox 819 3191 920 3266; x_wconf 89' lang='lat' dir='ltr'><strong>Q·</strong></span> <span class='ocrx_word' id='word_1_265' title='bbox 957 3186 1108 3252; x_wconf 74' lang='grc' dir='ltr'><strong>ΡΑΒ</strong></span> <span class='ocrx_word' id='word_1_266' title='bbox 1155 3181 1212 3243; x_wconf 93' lang='lat' dir='ltr'><strong>in</strong></span> <span class='ocrx_word' id='word_1_267' title='bbox 1261 3190 1418 3263; x_wconf 87' lang='lat' dir='ltr'><strong>post.</strong></span> <span class='ocrx_word' id='word_1_268' title='bbox 1678 3201 1765 3262; x_wconf 85' lang='lat' dir='ltr'><strong>gr.</strong></span> <span class='ocrx_word' id='word_1_269' title='bbox 1818 3188 1869 3252; x_wconf 80' lang='grc'><strong>4,</strong></span> <span class='ocrx_word' id='word_1_270' title='bbox 1904 3188 1994 3245; x_wconf 84' lang='lat' dir='ltr'><strong>to.</strong></span> 
     </span>
     <span class='ocr_line' id='line_1_29' title="bbox 889 3283 1182 3355; baseline 0.007 -9"><span class='ocrx_word' id='word_1_271' title='bbox 889 3283 1050 3347; x_wconf 82' lang='lat' dir='ltr'><strong>Intra</strong></span> <span class='ocrx_word' id='word_1_272' title='bbox 1101 3290 1182 3355; x_wconf 62' lang='lat' dir='ltr'><strong>FP</strong></span> 
     </span>
     <span class='ocr_line' id='line_1_30' title="bbox 884 3384 1595 3469; baseline 0.001 -22"><span class='ocrx_word' id='word_1_273' title='bbox 884 3384 1054 3450; x_wconf 87' lang='lat' dir='ltr'><strong>Torr.</strong></span> <span class='ocrx_word' id='word_1_274' title='bbox 1103 3406 1198 3469; x_wconf 91' lang='lat' dir='ltr'><strong>op.</strong></span> <span class='ocrx_word' id='word_1_275' title='bbox 1248 3385 1348 3450; x_wconf 78' lang='lat' dir='ltr'><strong>rit.</strong></span> <span class='ocrx_word' id='word_1_276' title='bbox 1397 3407 1451 3450; x_wconf 92' lang='lat' dir='ltr'><strong>n.</strong></span> <span class='ocrx_word' id='word_1_277' title='bbox 1503 3393 1595 3449; x_wconf 73' lang='grc'><strong>46.</strong></span> 
     </span>
     <span class='ocr_line' id='line_1_31' title="bbox 715 3491 1978 3574; baseline 0.001 -23"><span class='ocrx_word' id='word_1_278' title='bbox 715 3494 764 3552; x_wconf 84' lang='lat' dir='ltr'><strong>b.</strong></span> <span class='ocrx_word' id='word_1_279' title='bbox 811 3498 910 3574; x_wconf 89' lang='lat' dir='ltr'><strong>Q·</strong></span> <span class='ocrx_word' id='word_1_280' title='bbox 945 3495 1098 3560; x_wconf 74' lang='grc' dir='ltr'><strong>ΡΑΒ</strong></span> <span class='ocrx_word' id='word_1_281' title='bbox 1147 3491 1204 3553; x_wconf 84' lang='lat' dir='ltr'><strong>in</strong></span> <span class='ocrx_word' id='word_1_282' title='bbox 1251 3495 1404 3572; x_wconf 87' lang='lat' dir='ltr'><strong>post.</strong></span> <span class='ocrx_word' id='word_1_283' title='bbox 1665 3508 1757 3571; x_wconf 83' lang='lat' dir='ltr'><strong>gr.</strong></span> <span class='ocrx_word' id='word_1_284' title='bbox 1809 3494 1978 3563; x_wconf 74' lang='lat' dir='ltr'><strong>i,to.</strong></span> 
     </span>
    </p>
   </div>
   <div class='ocr_carea' id='block_1_4' title="bbox 879 3591 2503 3762">
    <p class='ocr_par' dir='ltr' id='par_1_6' title="bbox 879 3591 2503 3762">
     <span class='ocr_line' id='line_1_32' title="bbox 880 3591 2503 3679; baseline 0.001 -23"><span class='ocrx_word' id='word_1_285' title='bbox 880 3591 1077 3676; x_wconf 86' lang='lat' dir='ltr'><strong>Caput</strong></span> <span class='ocrx_word' id='word_1_286' title='bbox 1122 3591 1402 3657; x_wconf 84' lang='lat' dir='ltr'><strong>Herculis</strong></span> <span class='ocrx_word' id='word_1_287' title='bbox 1450 3591 1741 3658; x_wconf 89' lang='lat' dir='ltr'><strong>imberbis</strong></span> <span class='ocrx_word' id='word_1_288' title='bbox 1786 3593 1982 3679; x_wconf 91' lang='lat' dir='ltr'><strong>spolio</strong></span> <span class='ocrx_word' id='word_1_289' title='bbox 2029 3594 2219 3659; x_wconf 87' lang='lat' dir='ltr'><strong>leonis</strong></span> <span class='ocrx_word' id='word_1_290' title='bbox 2266 3603 2503 3659; x_wconf 88' lang='lat' dir='ltr'><strong>tectum.</strong></span> 
     </span>
     <span class='ocr_line' id='line_1_33' title="bbox 879 3696 1415 3762; baseline 0 -3"><span class='ocrx_word' id='word_1_291' title='bbox 879 3697 1073 3760; x_wconf 83' lang='lat' dir='ltr'><strong>Arcus</strong></span> <span class='ocrx_word' id='word_1_292' title='bbox 1119 3703 1181 3759; x_wconf 87' lang='lat' dir='ltr'><strong>et</strong></span> <span class='ocrx_word' id='word_1_293' title='bbox 1227 3696 1415 3762; x_wconf 84' lang='lat' dir='ltr'><strong>clava.</strong></span> 
     </span>
    </p>
   </div>
   <div class='ocr_carea' id='block_1_5' title="bbox 709 3801 2651 3986">
    <p class='ocr_par' dir='ltr' id='par_1_7' title="bbox 709 3801 2651 3986">
     <span class='ocr_line' id='line_1_34' title="bbox 709 3801 2417 3884; baseline 0.001 -23"><span class='ocrx_word' id='word_1_294' title='bbox 709 3823 755 3862; x_wconf 88' lang='lat' dir='ltr'><strong>c.</strong></span> <span class='ocrx_word' id='word_1_295' title='bbox 809 3808 910 3884; x_wconf 90' lang='lat' dir='ltr'><strong>Q·</strong></span> <span class='ocrx_word' id='word_1_296' title='bbox 944 3804 1091 3871; x_wconf 77' lang='grc' dir='ltr'><strong>ΡΑΒ</strong></span> <span class='ocrx_word' id='word_1_297' title='bbox 1141 3801 1202 3863; x_wconf 92' lang='lat' dir='ltr'><strong>in</strong></span> <span class='ocrx_word' id='word_1_298' title='bbox 1248 3808 1404 3884; x_wconf 85' lang='lat' dir='ltr'><strong>post.</strong></span> <span class='ocrx_word' id='word_1_299' title='bbox 1451 3809 1509 3865; x_wconf 94' lang='lat' dir='ltr'><strong>et</strong></span> <span class='ocrx_word' id='word_1_300' title='bbox 1556 3821 1711 3865; x_wconf 89' lang='lat' dir='ltr'><strong>mon.</strong></span> <span class='ocrx_word' id='word_1_301' title='bbox 1770 3810 1848 3872; x_wconf 68' lang='grc' dir='ltr'><strong>[ΣΡ</strong></span> <span class='ocrx_word' id='word_1_302' title='bbox 2110 3821 2195 3884; x_wconf 79' lang='lat' dir='ltr'><strong>gr.</strong></span> <span class='ocrx_word' id='word_1_303' title='bbox 2243 3806 2417 3872; x_wconf 60' lang='lat' dir='ltr'><strong>mo,</strong></span> 
     </span>
     <span class='ocr_line' id='line_1_35' title="bbox 881 3901 2651 3986; baseline 0.002 -21"><span class='ocrx_word' id='word_1_304' title='bbox 881 3902 1310 3975; x_wconf 75' lang='lat' dir='ltr'><strong>Torremuzza.</strong></span> <span class='ocrx_word' id='word_1_305' title='bbox 1358 3901 1499 3966; x_wconf 86' lang='lat' dir='ltr'><strong>lscr.</strong></span> <span class='ocrx_word' id='word_1_306' title='bbox 1548 3902 1604 3965; x_wconf 91' lang='lat' dir='ltr'><strong>di</strong></span> <span class='ocrx_word' id='word_1_307' title='bbox 1657 3901 1785 3966; x_wconf 85' lang='lat' dir='ltr'><strong>Pal.</strong></span> <span class='ocrx_word' id='word_1_308' title='bbox 1835 3923 1894 3986; x_wconf 89' lang='lat' dir='ltr'><strong>p.</strong></span> <span class='ocrx_word' id='word_1_309' title='bbox 1946 3907 2084 3966; x_wconf 71' lang='lat'><strong>⁴92.</strong></span> <span class='ocrx_word' id='word_1_310' title='bbox 2133 3904 2252 3969; x_wconf 89' lang='lat' dir='ltr'><strong>tab.</strong></span> <span class='ocrx_word' id='word_1_311' title='bbox 2301 3910 2398 3968; x_wconf 72' lang='lat' dir='ltr'><strong>ti.</strong></span> <span class='ocrx_word' id='word_1_312' title='bbox 2449 3923 2503 3970; x_wconf 87' lang='lat' dir='ltr'><strong>n.</strong></span> <span class='ocrx_word' id='word_1_313' title='bbox 2558 3909 2651 3968; x_wconf 69' lang='grc'><strong>16.</strong></span> 
     </span>
    </p>
   </div>
   <div class='ocr_carea' id='block_1_6' title="bbox 453 4008 2843 4714">
    <p class='ocr_par' dir='ltr' id='par_1_8' title="bbox 453 4008 2843 4714">
     <span class='ocr_line' id='line_1_36' title="bbox 700 4008 2029 4091; baseline 0.004 -24"><span class='ocrx_word' id='word_1_314' title='bbox 700 4008 754 4068; x_wconf 80' lang='lat' dir='ltr'><strong>d.</strong></span> <span class='ocrx_word' id='word_1_315' title='bbox 809 4014 915 4091; x_wconf 87' lang='lat' dir='ltr'><strong>Q·</strong></span> <span class='ocrx_word' id='word_1_316' title='bbox 952 4011 1145 4077; x_wconf 79' lang='grc' dir='ltr'>ΡΑΒ·</span> <span class='ocrx_word' id='word_1_317' title='bbox 1192 4008 1253 4071; x_wconf 91' lang='lat' dir='ltr'><strong>in</strong></span> <span class='ocrx_word' id='word_1_318' title='bbox 1301 4015 1454 4091; x_wconf 84' lang='lat' dir='ltr'><strong>post.</strong></span> <span class='ocrx_word' id='word_1_319' title='bbox 1715 4027 1802 4088; x_wconf 80' lang='lat' dir='ltr'><strong>gr.</strong></span> <span class='ocrx_word' id='word_1_320' title='bbox 1855 4011 2029 4082; x_wconf 72' lang='lat' dir='ltr'><strong>t‚40.</strong></span> 
     </span>
     <span class='ocr_line' id='line_1_37' title="bbox 698 4108 2449 4193; baseline 0.001 -21"><span class='ocrx_word' id='word_1_321' title='bbox 698 4133 708 4153; x_wconf 88' lang='lat'><strong>·</strong></span> <span class='ocrx_word' id='word_1_322' title='bbox 875 4111 1071 4193; x_wconf 67' lang='lat' dir='ltr'><strong>Caput</strong></span> <span class='ocrx_word' id='word_1_323' title='bbox 1121 4109 1397 4175; x_wconf 82' lang='lat' dir='ltr'><strong>Herculis</strong></span> <span class='ocrx_word' id='word_1_324' title='bbox 1447 4109 1677 4175; x_wconf 82' lang='lat' dir='ltr'><strong>iuvenis</strong></span> <span class='ocrx_word' id='word_1_325' title='bbox 1725 4108 1921 4193; x_wconf 90' lang='lat' dir='ltr'><strong>spolio</strong></span> <span class='ocrx_word' id='word_1_326' title='bbox 1969 4109 2160 4173; x_wconf 85' lang='lat' dir='ltr'><strong>leonis</strong></span> <span class='ocrx_word' id='word_1_327' title='bbox 2209 4116 2449 4175; x_wconf 79' lang='lat' dir='ltr'><strong>tec-tum.</strong></span> 
     </span>
     <span class='ocr_line' id='line_1_38' title="bbox 873 4214 1405 4277; baseline 0 -1"><span class='ocrx_word' id='word_1_328' title='bbox 873 4216 1064 4276; x_wconf 83' lang='lat' dir='ltr'><strong>Arcus</strong></span> <span class='ocrx_word' id='word_1_329' title='bbox 1112 4221 1170 4277; x_wconf 86' lang='lat' dir='ltr'><strong>et</strong></span> <span class='ocrx_word' id='word_1_330' title='bbox 1215 4214 1405 4276; x_wconf 79' lang='lat' dir='ltr'><strong>clava.</strong></span> 
     </span>
     <span class='ocr_line' id='line_1_39' title="bbox 456 4316 2843 4401; baseline 0.001 -24"><span class='ocrx_word' id='word_1_331' title='bbox 456 4323 593 4382; x_wconf 81' lang='grc'><strong>448.</strong></span> <span class='ocrx_word' id='word_1_332' title='bbox 705 4321 1113 4388; x_wconf 68' lang='grc' dir='ltr'>(κΑςςΙΡΕς</span> <span class='ocrx_word' id='word_1_333' title='bbox 1162 4316 1256 4399; x_wconf 83' lang='grc' dir='ltr'><strong>(Ρ.</strong></span> <span class='ocrx_word' id='word_1_334' title='bbox 1307 4316 1610 4381; x_wconf 73' lang='lat' dir='ltr'><strong>Fourius‘?</strong></span> <span class='ocrx_word' id='word_1_335' title='bbox 1658 4321 1947 4380; x_wconf 82' lang='lat'><strong>670-673</strong></span> <span class='ocrx_word' id='word_1_336' title='bbox 1995 4319 2127 4382; x_wconf 83' lang='lat' dir='ltr'><strong>aed.</strong></span> <span class='ocrx_word' id='word_1_337' title='bbox 2176 4338 2298 4383; x_wconf 87' lang='lat' dir='ltr'><strong>cur.</strong></span> <span class='ocrx_word' id='word_1_338' title='bbox 2352 4317 2417 4381; x_wconf 87' lang='lat' dir='ltr'><strong>V.</strong></span> <span class='ocrx_word' id='word_1_339' title='bbox 2469 4336 2625 4381; x_wconf 89' lang='lat' dir='ltr'><strong>num.</strong></span> <span class='ocrx_word' id='word_1_340' title='bbox 2675 4319 2843 4401; x_wconf 64' lang='lat' dir='ltr'><strong>aot).</strong></span> 
     </span>
     <span class='ocr_line' id='line_1_40' title="bbox 875 4418 2143 4506; baseline 0.002 -25"><span class='ocrx_word' id='word_1_341' title='bbox 875 4419 1074 4482; x_wconf 81' lang='lat' dir='ltr'><strong>Edidit</strong></span> <span class='ocrx_word' id='word_1_342' title='bbox 1119 4418 1354 4495; x_wconf 80' lang='lat' dir='ltr'><strong>Coben,</strong></span> <span class='ocrx_word' id='word_1_343' title='bbox 1405 4420 1559 4485; x_wconf 76' lang='lat' dir='ltr'><strong>Med.</strong></span> <span class='ocrx_word' id='word_1_344' title='bbox 1607 4419 1849 4486; x_wconf 85' lang='lat' dir='ltr'><strong>Consul.</strong></span> <span class='ocrx_word' id='word_1_345' title='bbox 1901 4444 1957 4506; x_wconf 94' lang='lat' dir='ltr'><strong>p.</strong></span> <span class='ocrx_word' id='word_1_346' title='bbox 2006 4422 2143 4484; x_wconf 77' lang='lat'><strong>357.</strong></span> 
     </span>
     <span class='ocr_line' id='line_1_41' title="bbox 456 4525 2234 4607; baseline -0.001 -19"><span class='ocrx_word' id='word_1_347' title='bbox 456 4528 595 4589; x_wconf 89' lang='grc'><strong>449.</strong></span> <span class='ocrx_word' id='word_1_348' title='bbox 711 4532 756 4595; x_wconf 82' lang='grc' dir='ltr'><strong>Ι,</strong></span> <span class='ocrx_word' id='word_1_349' title='bbox 788 4552 800 4566; x_wconf 94' lang='grc'><em>·</em></span> <span class='ocrx_word' id='word_1_350' title='bbox 835 4529 889 4595; x_wconf 86' lang='grc' dir='ltr'><strong>Μ</strong></span> <span class='ocrx_word' id='word_1_351' title='bbox 939 4525 997 4586; x_wconf 92' lang='lat' dir='ltr'><strong>in</strong></span> <span class='ocrx_word' id='word_1_352' title='bbox 1045 4530 1198 4607; x_wconf 89' lang='lat' dir='ltr'><strong>post.</strong></span> <span class='ocrx_word' id='word_1_353' title='bbox 1250 4530 1307 4585; x_wconf 83' lang='lat' dir='ltr'><strong>et</strong></span> <span class='ocrx_word' id='word_1_354' title='bbox 1355 4543 1512 4586; x_wconf 90' lang='lat' dir='ltr'><strong>mon.</strong></span> <span class='ocrx_word' id='word_1_355' title='bbox 1567 4534 1645 4599; x_wconf 57' lang='grc' dir='ltr'><strong>ΕΡ</strong></span> <span class='ocrx_word' id='word_1_356' title='bbox 1925 4543 2010 4605; x_wconf 82' lang='lat' dir='ltr'><strong>gr.</strong></span> <span class='ocrx_word' id='word_1_357' title='bbox 2060 4529 2114 4602; x_wconf 86' lang='grc'><strong>4,</strong></span> <span class='ocrx_word' id='word_1_358' title='bbox 2135 4527 2234 4587; x_wconf 84' lang='grc'><strong>80.</strong></span> 
     </span>
     <span class='ocr_line' id='line_1_42' title="bbox 453 4628 2506 4714; baseline 0 -24"><span class='ocrx_word' id='word_1_359' title='bbox 453 4631 590 4690; x_wconf 80' lang='grc'><strong>450.</strong></span> <span class='ocrx_word' id='word_1_360' title='bbox 707 4635 751 4697; x_wconf 79' lang='grc'><strong>1,</strong></span> <span class='ocrx_word' id='word_1_361' title='bbox 781 4656 795 4671; x_wconf 90' lang='grc'><em>·</em></span> <span class='ocrx_word' id='word_1_362' title='bbox 831 4635 925 4702; x_wconf 74' lang='grc' dir='ltr'><strong>ΜΞ</strong></span> <span class='ocrx_word' id='word_1_363' title='bbox 976 4628 1032 4690; x_wconf 84' lang='lat' dir='ltr'><strong>in</strong></span> <span class='ocrx_word' id='word_1_364' title='bbox 1079 4633 1233 4711; x_wconf 84' lang='lat' dir='ltr'><strong>post.</strong></span> <span class='ocrx_word' id='word_1_365' title='bbox 1281 4632 1340 4690; x_wconf 88' lang='lat' dir='ltr'><strong>et</strong></span> <span class='ocrx_word' id='word_1_366' title='bbox 1386 4647 1539 4692; x_wconf 90' lang='lat' dir='ltr'><strong>mon.</strong></span> <span class='ocrx_word' id='word_1_367' title='bbox 1594 4633 1672 4698; x_wconf 70' lang='grc' dir='ltr'><strong>ΓᾱΡ</strong></span> <span class='ocrx_word' id='word_1_368' title='bbox 1931 4646 2018 4707; x_wconf 84' lang='lat' dir='ltr'><strong>gr.</strong></span> <span class='ocrx_word' id='word_1_369' title='bbox 2069 4632 2122 4703; x_wconf 86' lang='grc'><strong>3,</strong></span> <span class='ocrx_word' id='word_1_370' title='bbox 2146 4630 2263 4691; x_wconf 78' lang='lat'><strong>85:</strong></span> <span class='ocrx_word' id='word_1_371' title='bbox 2311 4644 2506 4714; x_wconf 83' lang='lat' dir='ltr'><strong>asper.</strong></span> 
     </span>
    </p>
   </div>
  </div>
 </body>
</html>
