3440 5114
2790 303 2872 361 161

270 422 348 484 ab
390 418 622 485 artifice
670 440 742 485 eo
788 419 926 484 loco
973 417 1284 484 inductam
1333 426 1396 484 ut
1441 417 1820 500 significaret
1849 438 2004 504 quas
2036 438 2194 505 quae
2227 421 2475 488 dearum
2507 422 2913 508 pulcritudine

264 521 571 586 vinceret:
640 520 918 586 Paridem
978 542 1121 586 vero
1167 523 1479 586 victoriam
1527 521 1877 587 certaminis
1924 522 2329 589 decreturum.
2398 524 2526 591 Hac
2572 526 2785 592 eadem
2831 528 2915 591 de

267 643 456 695 causa.
501 623 608 687 Ris
652 623 749 689 vel
802 623 900 687 ltit
944 645 1128 709 supra
1175 622 1605 712 interpretatus
1637 646 1769 689 sum
1807 622 1996 689 Paris.
2049 626 2193 690 Post
2223 625 2373 691 haec
2406 637 2623 695 eventu
2657 627 2911 693 faustis--

264 728 416 790 simo
476 726 701 791 accidit
759 734 825 791 ut
881 745 1035 811 quae
1096 725 1487 811 opinaveratn
1537 725 2076 802 confirmarentur,
2125 747 2279 792 novo
2325 729 2572 812 speculo
2618 737 2903 816 reperto,

269 848 534 914 vereque
566 837 887 913 appareret
915 828 974 893 in
1006 830 1159 893 cista
1191 829 1635 902 barberiniano,
1669 827 2023 905 Victoriam,
2056 830 2114 893 in
2149 829 2398 916 speculo
2440 833 2712 898 Paridem
2744 831 2910 899 exhi-

269 930 419 996 beri.
468 931 873 996 Confirmatur
917 930 1101 997 etiam
1149 933 1378 998 Vitoria
1423 952 1630 997 errore
1675 932 1928 998 artificis
1974 935 2269 1019 scriptum
2318 954 2427 1017 pro
2474 933 2754 1001 Victoria.

275 1124 416 1184 536.
466 1122 538 1203 (=
566 1071 666 1195 59,
712 1119 765 1197 1,
809 1122 896 1206 r).
940 1160 1018 1173 -
1062 1121 1130 1187 ln
1178 1140 1386 1186 museo
1434 1120 1829 1186 Berolinensi.

1016 1279 1506 1362 MtRQleos
1595 1280 2167 1350 ΑΙνΗ-ΕΝΤΚΟΛΛ

323 1446 695 1513 „Mercurius
742 1444 995 1533 aeq'uam
1044 1447 1345 1512 bilancem
1384 1454 1598 1513 tenens
1630 1449 1838 1513 mortis
1878 1454 1938 1512 et
1967 1450 2129 1513 vitae
2160 1448 2344 1513 fatum
2377 1457 2594 1534 pensat
2626 1450 2908 1516 adstante

266 1550 507 1615 Paride.

352 1652 722 1718 Alixeutrom
770 1653 1190 1719 accusativum
1235 1673 1371 1719 esse
1419 1654 1587 1728 dixi,
1634 1662 1844 1719 contra
1888 1652 2270 1730 Henzenum,
2315 1646 2737 1721 subscribente
2778 1658 2905 1721 Rit-

270 1754 532 1821 schelio:
579 1777 630 1820 v,
662 1776 862 1841 supra.
908 1758 1274 1822 (Ionstanter
1316 1754 1388 1820 in
1427 1757 1521 1821 his
1566 1756 2051 1840 πρωταγωνιστὴς
2097 1763 2192 1822 est
2234 1777 2380 1823 casu
2422 1765 2616 1833 recto,
2659 1756 2909 1842 δευτερα-

268 1859 592 1942 γωνιστὶις,
640 1868 822 1944 atque
867 1861 959 1935 is,
1005 1860 1082 1924 ad
1129 1878 1308 1944 quem
1356 1878 1546 1924 causa
1592 1860 1684 1923 vel
1732 1879 1930 1926 sermo
1976 1859 2275 1933 refertur,
2322 1859 2589 1946 obliquo.
2650 1861 2804 1927 Nota
2845 1860 2903 1926 in

268 1962 474 2027 littera
517 1966 581 2049 Q
627 1964 925 2047 virgulam
974 1961 1351 2037 verticalem‚
1397 1971 1460 2028 ut
1505 1963 1563 2026 iu
1613 1961 2041 2029 vetustissimis
2077 1961 2449 2029 Graecorum
2481 1962 2907 2029 monumentis.

277 2154 418 2213 537.
468 2148 675 2231 (=60,
719 2148 834 2224 XI.
881 2151 973 2233 u).
1024 2182 1100 2198 -
1149 2150 1380 2224 Locu5‚
1428 2148 1528 2213 ubi
1574 2149 1876 2263 inventum
1924 2154 2045 2222 est,
2090 2149 2421 2232 ignoratur.

812 2310 1379 2378 οιΛκοΛΛΛνος
1470 2309 1679 2375 Amo
1774 2274 2413 2376 mersabantur

359 2478 706 2543 Oenomaus
764 2477 973 2553 sedet,
1033 2476 1109 2545 ad
1168 2495 1349 2563 quem
1404 2473 1642 2541 accedit
1689 2475 2096 2560 Melerpantes
2138 2471 2422 2538 Arionem
2466 2491 2690 2559 equum
2736 2472 2904 2538 freno

173 2609 182 2614 „
274 2583 506 2648 ducens
550 2590 613 2646 et
657 2579 942 2645 tabellam
988 2579 1335 2666 diptychum
1386 2598 1563 2644 manu
1611 2578 1812 2643 ferens
1855 2578 2137 2643 demissa.

361 2685 449 2748 Ad
495 2683 869 2748 Oenomaum
916 2683 1106 2746 Elidis
1153 2688 1215 2745 et
1262 2682 1435 2747 Pisae
1481 2701 1682 2765 regem
1731 2681 1972 2745 venisse
2019 2681 2161 2745 olim
2209 2678 2467 2745 traditur
2510 2679 2730 2764 Pelops
2777 2697 2907 2744 cer·
3012 2689 3025 2704 ·

272 2795 544 2865 taturuS‚
590 2785 688 2851 cui
734 2785 1048 2872 Neptunus
1095 2805 1315 2870 equum
1358 2784 1644 2849 Arionem
1685 2785 2003 2849 concessit.
2051 2781 2406 2861 Quaesitum
2440 2782 2622 2864 igitur
2651 2787 2745 2846 est
2772 2784 2906 2868 quis

275 2897 441 2955 esset
483 2890 596 2953 iste
640 2888 1039 2974 Melerpanta.
1106 2885 1476 2952 Bitschelius
1519 2906 1699 2952 versu
1749 2886 2018 2972 plautino
2063 2886 2282 2951 collato
2332 2884 2548 2950 Bacch.
2595 2889 2715 2949 8¹0
2768 2883 2903 2968 (IV,

275 2997 336 3069 7,
387 2991 501 3075 η)
559 2992 664 3056 ivit
719 2982 1506 3077 probatum⁸Beleropanta
1563 3009 1717 3055 esse.
1787 2987 1968 3073 Atqui
2015 2989 2173 3055 hunc
2216 2987 2721 3072 Belerophontem
2767 3008 2901 3052 cum

274 3096 586 3162 Oenomao
641 3101 903 3159 certasse
961 3111 1070 3179 pro
1132 3093 1535 3178 Hippodamia
1595 3113 1768 3158 nemo
1833 3110 2099 3177 unquam
2159 3089 2430 3165 audivit,
2478 3109 2673 3176 neque
2715 3109 2907 3175 equus

277 3201 452 3271 eius,
500 3217 619 3283 quo
663 3195 1046 3261 Chimaeram
1090 3194 1431 3273 interfecit,
1482 3196 1595 3260 suit
1639 3196 1863 3271 Arion,
1914 3196 2021 3260 sed
2068 3195 2359 3278 Pegasus.
2428 3192 2682 3258 Videtur
2722 3194 2907 3277 igitur

283 3301 694 3387 Melerpantae
740 3298 853 3363 sub
900 3298 1136 3363 nomine
1183 3317 1319 3362 eum
1365 3318 1500 3364 esse
1532 3298 1818 3384 Pelopem
1851 3297 2303 3380 intelligendum
2335 3296 2436 3383 qui
2471 3301 2751 3362 narratur
2781 3294 2903 3360 Oe-

273 3423 556 3471 nomaum
585 3420 767 3467 curru
795 3418 1139 3487 superasse,
1171 3420 1328 3486 equo
1351 3401 1573 3466 Arione
1604 3421 1774 3466 usus:
1807 3401 1931 3477 vel,
1960 3400 2012 3465 si
2047 3401 2242 3483 magis
2271 3399 2382 3477 vis,
2414 3398 2636 3465 erravit
2677 3398 2905 3464 artifex.

278 3560 417 3620 538.
466 3592 538 3602 -—
592 3555 916 3621 Praeneste
959 3553 1306 3621 inventum:
1356 3575 1515 3620 nuuc
1561 3557 1620 3619 in
1665 3576 1876 3621 museo
1920 3554 2337 3620 Kircheriano.

503 3714 948 3784 ΡΑΙΝςςΕΟς
1141 3729 1151 3744 ·
1207 3714 1598 3785 ΛΛΑκςνΑς
1943 3710 2216 3796 Marsyas
2280 3709 2555 3774 fruticem
2622 3706 2904 3794 quatiens

1047 3798 1112 3924 Ξ
1247 3861 1264 3879 .
1848 3815 2127 3880 choream
2174 3814 2364 3898 agitat
2405 3832 2542 3879 cum
2592 3813 2863 3878 Panisco.

1046 3934 1112 3996 17,
1486 3918 1812 4004 Descripsi.
1862 3916 2179 3982 Painsscos
2222 3916 2426 4003 potius
2463 3916 2685 3998 legitur
2719 3935 2901 4002 quam

1050 4048 1112 4090 -υ
1407 4019 1739 4084 Painiscos.
1784 4021 2009 4084 Auctor
2053 4019 2400 4084 caelaturae
2436 4037 2652 4082 nomen
2689 4018 2905 4084 inscri-

1048 4099 1112 4181 Ξ
1403 4121 1524 4206 psit
1546 4111 1749 4187 suum}
1782 4120 1950 4185 Vibis
1972 4122 2219 4204 Pilipus.
2239 4119 2636 4186 Mommsenio
2660 4120 2898 4186 videtur

1047 4195 1114 4329 Ξ
1409 4225 1501 4308 (in
1532 4223 1785 4310 Ephem.
1820 4224 2013 4309 epigr.
2045 4222 2234 4289 berol.
2266 4243 2324 4306 p.
2358 4227 2456 4299 ⁴5,
2488 4222 2630 4306 24),
2675 4223 2722 4287 si
2771 4224 2906 4309 quis

1049 4375 1112 4417 Λ
1404 4333 1770 4413 proponeret
1803 4325 1970 4391 Vibis
2008 4346 2145 4392 esse
2181 4345 2390 4391 casum
2423 4326 2691 4400 tertium,
2724 4326 2811 4391 ita
2837 4333 2907 4392 ut

1051 4421 1114 4493 Ξ
1403 4429 1707 4496 sententia
1742 4432 1850 4505 sit,
1889 4429 2233 4515 Philippum
2266 4429 2530 4496 caelasse
2562 4427 2785 4504 Vibiis,
2814 4430 2905 4494 fa-

1050 4508 1115 4603 ἷ
1407 4540 1641 4600 cturum
1699 4531 2081 4599 artificiosius
2137 4533 2333 4614 magis
2360 4581 2377 4609 ,
2442 4551 2622 4617 quam
2676 4535 2903 4619 yerius.

1051 4614 1115 4745 Ξ
1406 4636 1588 4722 Atqui
1622 4635 1738 4701 hac
1771 4639 1969 4700 aetate
2001 4633 2218 4700 debuit
2244 4632 2433 4699 scribi
2461 4631 2686 4698 Vibois.
2726 4631 2903 4699 vibis

2781 4771 2840 4824 n
