3440 5114
548 264 617 334 62

609 404 847 467 nomine
897 401 1110 467 mutari
1161 423 1276 467 non
1326 404 1523 467 statim
1570 410 1709 489 post
1753 404 2053 467 coloniam
2102 404 2456 479 deductam,
2504 402 2611 467 sed
2655 402 2960 487 aliquanto
3005 408 3157 487 post.

610 504 782 583 Quae
820 526 955 571 cum
993 504 1251 588 legimus
1288 503 1591 590 cupiditas
1624 526 1732 569 nos
1767 505 1932 569 subit
1960 505 2186 569 sciendi
2221 506 2524 589 quomodo
2557 502 2931 589 epigraphae
2958 504 3160 568 latinis

608 596 774 672 certe
822 606 1099 672 constent
1146 629 1218 671 cx
1267 615 1437 693 parte
1486 609 1746 683 litteris;
1805 608 1968 673 nulla
2014 609 2173 673 euim
2221 616 2313 672 est
2357 627 2515 692 quae
2561 606 2896 673 certissime
2943 625 3162 687 graeca

606 731 742 775 esse
777 730 892 775 non
927 709 1136 795 possit,
1172 710 1531 796 praesertim
1562 732 1720 788 cum,
1755 732 1870 775 non
1906 712 2100 777 dicam
2136 712 2317 775 Attici
2354 719 2413 773 et
2437 708 2664 793 Argivi,
2698 711 2772 774 de
2802 710 3021 794 quibus
3056 729 3161 773 no-

607 821 757 889 tum,
797 815 904 878 sed
939 813 1057 900 ipsi
1092 814 1525 879 Chalcidenses
1558 815 1940 900 Neapolitani
1975 822 2019 883 l.
2050 817 2343 899 quadrato
2376 833 2573 898 aeque
2605 834 2676 878 ac
2707 821 2884 879 acuto
2916 819 3164 877 utantur

602 918 659 980 in
711 919 966 982 nummis
1004 919 1130 982 suis
1167 917 1347 1001 (Bull.
1384 918 1594 1002 Napol.
1634 918 1676 992 l,
1712 926 1831 983 tav.
1867 938 1943 997 tv,
1983 920 2061 1001 t).
2112 917 2284 996 Quae
2322 938 2455 982 cum
2495 919 2575 981 ita
2606 920 2725 981 sint
2756 916 2994 981 sublato
3026 916 3161 980 sun-

605 1021 904 1097 damento‚
939 1029 1072 1084 ruat
1105 1041 1351 1086 necesse
1388 1028 1481 1084 est
1511 1023 1701 1084 omnis
1741 1022 2117 1086 Mommsenii
2153 1023 2613 1103 argumentatio,
2661 1021 2784 1084 Nec
2813 1020 3003 1102 magis
3033 1020 3166 1104 ipse

603 1125 884 1210 probavit
929 1125 1129 1187 Matios
1174 1143 1312 1189 esse
1361 1126 1741 1189 decurtatum
1791 1146 1861 1189 ex
1908 1126 2218 1199 Matres-sa,
2280 1147 2413 1189 cum
2463 1125 2779 1208 analogice
2827 1144 2859 1188 a
2907 1123 3163 1187 Graecis

604 1229 687 1290 ita
717 1227 938 1310 poterit
969 1226 1153 1291 scribi
1209 1233 1523 1301 Malles.
1577 1236 1640 1291 ut
1684 1235 2034 1303 ΣΙΠΟΕΒ,
2082 1228 2240 1293 unde
2288 1231 2511 1300 Σιποῦς
2553 1226 2926 1292 Graecorum
2962 1233 3023 1289 et
3052 1223 3157 1287 Si-

604 1338 853 1415 punlum
904 1331 1247 1394 Italicorum
1297 1337 1490 1395 ortum
1542 1332 1888 1410 duxerunt,
1938 1339 1998 1395 et
2045 1334 2235 1396 bores
2282 1331 2394 1398 hac
2441 1331 2861 1395 terminatione
2913 1334 2993 1401 ΕΞ
3051 1348 3163 1414 pro

611 1440 725 1506 ΕΙΞ
763 1435 820 1497 in
855 1434 1154 1497 similibus
1193 1441 1439 1498 utantur
1480 1434 1882 1517 (Cherobosc.
1918 1436 2012 1498 ed.
2046 1436 2228 1505 Bckk,
2260 1456 2316 1520 p.
2351 1440 2371 1498 l
2402 1436 2530 1514 18);
2570 1442 2692 1498 tum
2729 1435 2902 1514 origo
2936 1450 3157 1517 graeca

521 1604 528 1609 ,
601 1539 658 1601 in
706 1537 985 1621 Apolline
1031 1536 1316 1598 Μαλοέντι
1375 1532 1872 1622 adstipulatorem
1923 1540 2116 1622 ipsum
2164 1539 2620 1602 Mommsenium
2670 1544 2845 1600 nacta
2891 1542 3001 1599 est.
3069 1533 3164 1599 Sit

602 1637 787 1721 igitur
830 1640 943 1702 iste
992 1659 1266 1702 nummus
1314 1659 1533 1722 graece
1580 1638 1911 1725 inscriptus
1942 1692 1955 1716 ,
2003 1640 2412 1725 oppidumque
2476 1644 2755 1711 ΜΑΙνΙΕἳ
2785 1690 2798 1713 ,
2861 1641 3154 1709 Mam&

602 1762 711 1828 per
755 1742 1121 1806 anadromen
1174 1743 1516 1804 Maluentum
1560 1744 1818 1819 dictum,
1868 1742 2078 1807 italica
2122 1742 2413 1819 dialect0,
2446 1751 2511 1806 ut
2542 1742 2782 1817 similia,
2814 1741 3161 1813 Tarentum,

604 1847 1017 1919 Grumentum,
1066 1866 1200 1910 cum
1251 1844 1628 1910 habitaretur
1674 1867 1709 1911 a
1756 1847 2148 1911 Samnitibus,
2195 1846 2267 1909 Et
2304 1847 2676 1910 litteraturae
2711 1864 2971 1929 graecae.
3007 1843 3162 1906 anti-

603 1969 763 2033 quae
809 1948 1120 2033 specimen
1168 1968 1359 2031 nuper
1404 1947 1729 2013 habuimus
1774 1952 1831 2013 in
1880 1949 2078 2033 lapide
2124 1947 2430 2034 sepulchri
2478 1946 2686 2013 effossi
2724 1931 3050 2012 Beneventi
3086 1945 3161 2009 ad

602 2051 841 2116 moenia
886 2049 944 2113 in
996 2071 1117 2134 quo
1163 2050 1510 2132 legebatur,
1562 2060 1623 2114 ut
1670 2051 1811 2115 mihi
1860 2053 2104 2137 scripsit
2141 2053 2374 2117 amicus
2406 2051 2576 2115 Colle
2616 2052 2690 2115 de
2732 2050 2868 2114 Vita
2918 2050 3158 2132 ..WQ

601 2154 842 2234 Quibus
890 2157 1260 2236 argumentis
1307 2155 1540 2218 accedit
1586 2156 1900 2219 commode
1948 2155 2189 2220 traditio
2227 2175 2382 2240 quae
2420 2156 2692 2220 Graecos
2733 2154 2910 2218 huius
2948 2152 3155 2236 oppidi

560 2342 565 2349 ,
604 2259 747 2322 facit
790 2265 1088 2322 auctores.

517 2368 617 2425 ot.
670 2362 903 2445 (219.)
959 2367 1470 2435 ΒΕΝνΕΝΤοΟ
1520 2364 1574 2425 in
1625 2363 1852 2435 antica,
1906 2367 2290 2435 UROUOM
2342 2362 2400 2426 in
2449 2362 2701 2446 postica.

854 2464 1051 2549 Caput
1093 2465 1391 2548 Apollinis
1438 2465 1803 2529 laureatum.

769 2585 775 2596 ¹
855 2568 1059 2654 Equus
1104 2569 1357 2646 saliens,
1404 2590 1591 2654 supra
1636 2578 1883 2633 astrum.

770 2671 966 2736 Latini
1014 2672 1210 2736 coloni
1264 2680 1326 2736 ut
1374 2673 1530 2737 sama
1576 2682 1694 2747 cst,
1744 2680 1918 2737 vetus
1965 2672 2252 2759 oppidum
2301 2659 2664 2737 Maluentum
2711 2670 2927 2736 ominis
2970 2686 3164 2733 causa

606 2775 1015 2839 Beneventum
1067 2777 1633 2841 transnominarunt.
1686 2778 1749 2839 ln
1800 2797 2038 2839 nummo
2088 2795 2303 2840 nomen
2354 2776 2596 2859 oppidi,
2642 2772 2848 2838 addita
2891 2775 2930 2834 d
2970 2792 3158 2857 para-

603 2879 854 2958 gogica,
902 2897 1047 2941 osca
1093 2880 1533 2942 consuetudine
1583 2886 1645 2943 ut
1693 2880 1750 2942 in
1806 2881 2060 2956 Tianml,
2110 2880 2489 2941 ,tcudmmiad
2531 2887 2711 2960 atquc
2756 2876 2816 2941 in
2861 2878 3157 2951 Ladinod,

601 2982 886 3052 Loukdei,
936 2981 1110 3043 ldnoat
1164 2983 1366 3045 media
1411 3004 1443 3043 r
1488 2984 1545 3045 in
1591 2986 1628 3043 d
1683 2989 2100 3065 permutatur,
2149 2982 2232 3045 ita
2279 2981 2338 3044 in
2382 3004 2611 3063 proponi
2657 2981 2901 3044 latinam
2948 2999 3158 3043 vocem

598 3085 831 3164 probum
879 3084 1168 3149 debemus
1217 3089 1577 3168 agnoscere:
1630 3107 1761 3149 nam
1810 3086 1903 3148 his
1952 3086 2088 3148 olim
2131 3086 2353 3149 dictum
2391 3107 2461 3166 op
2494 3106 2565 3164 ap
2605 3104 2714 3168 pro
2751 3087 2816 3146 ob
2852 3085 2920 3145 ab
2958 3090 3017 3145 et
3051 3103 3161 3162 pop

601 3188 864 3272 positum
916 3207 1022 3272 pro
1068 3189 1206 3267 ymb,
1257 3189 1417 3272 quod
1466 3190 1707 3271 quidem
1759 3189 1969 3272 prohat
2019 3189 2092 3250 ah
2140 3189 2250 3253 hac
2289 3190 2726 3271 permutatione
2763 3187 3008 3250 latinam
3048 3185 3161 3248 lin·

599 3309 777 3373 guam
827 3310 940 3352 non
988 3289 1373 3355 abhorrere.=
2230 3271 2239 3280 ”

769 3393 980 3486 ltaque,
1031 3401 1093 3456 ut
1139 3395 1193 3457 in
1244 3395 1567 3458 Suessanis
1622 3401 2012 3465 DROBVM.
2064 3400 2419 3466 PROBOM
2446 3445 2460 3470 ,
2499 3393 2676 3457 sicin
2713 3391 3157 3456 Beneventanis
3191 3443 3210 3463 ,

606 3502 1037 3567 ΓΙΚΟΓΙΟΜῑ
1102 3517 1256 3580 quae
1303 3499 1352 3558 si
1401 3498 1734 3579 diligenter
1793 3497 2213 3566 attendamus.
2276 3505 2408 3581 apte
2457 3495 2614 3559 inter
2659 3516 2723 3558 se
2770 3494 3160 3577 intelligimus

597 3601 959 3684 comparari;
1012 3619 1121 3662 nec
1168 3597 1428 3662 idoneus
1477 3620 1585 3664 nos
1634 3600 1819 3681 lugiet
1867 3619 2103 3663 sensus.
2155 3601 2425 3685 Namque
2474 3607 2535 3663 ut
2581 3598 2884 3665 metallum
2926 3599 3155 3664 idcirco

597 3703 755 3785 quod
804 3701 1034 3767 valeret
1081 3704 1136 3766 in
1187 3704 1491 3788 emptione
1540 3705 1828 3766 mercium
1878 3711 1969 3765 cst
2014 3705 2238 3766 dit-tum
2279 3704 2467 3778 ιύμος,
2510 3703 2666 3766 idest
2700 3705 2820 3774 lex,
2861 3711 3041 3785 atquc
3080 3703 3157 3764 ab

595 3825 790 3891 aequo
836 3807 1101 3890 pondere
1151 3806 1483 3890 phoeniciis
1529 3787 1689 3905 bpw
1729 3859 1740 3881 ,
1791 3808 2023 3887 graecis
2060 3808 2321 3888 Στατὶιρ.
2363 3806 2473 3869 hoc
2509 3816 2602 3869 est
2639 3809 2876 3890 pondus
2913 3813 3000 3869 est
3041 3825 3154 3890 ap-

594 3909 906 3992 pellatum,
955 3910 1034 3971 ita
1065 3929 1097 3971 a
1136 3908 1358 3972 Latinis
1403 3913 1639 3988 probum
1685 3908 1801 3970 dit-i
1845 3910 2057 3991 potuit,
2093 3913 2249 3992 quod
2287 3918 2394 3982 est,
2431 3911 2768 3994 probatum,
2808 3910 3153 3989 legitimum.

597 4012 802 4097 ltaque
851 4031 1042 4097 nuper
1090 4014 1145 4074 in
1188 4013 1455 4096 pondere
1494 4012 1776 4095 plumbeo
1810 4013 1968 4095 quod
2007 4014 2060 4073 in
2099 4014 2344 4074 sormam
2380 4013 2703 4097 amphorae
2737 4019 2859 4075 erat
2897 4009 3155 4075 effictum

594 4116 712 4177 vidi
754 4115 1120 4200 insculptum
1162 4115 1506 4179 extantibus
1546 4115 1756 4178 litteris
1791 4121 2013 4199 AEQV
2053 4121 2297 4190 SVM53
2334 4136 2450 4198 qua
2484 4117 2937 4198 comparatione
2973 4135 3157 4199 posse

593 4217 881 4301 explicari
931 4226 1075 4300 puto
1124 4218 1280 4280 istud
1332 4224 1670 4289 PROBVM
1724 4240 1828 4280 seu
1886 4223 2268 4288 DRODOM
2322 4221 2378 4280 in
2418 4220 2697 4295 nummisg
2736 4239 2842 4280 nec
2876 4220 3156 4300 regino<

594 4322 911 4385 aestimare.
957 4321 1119 4383 aliud
1169 4340 1304 4383 esse
1359 4327 1711 4412 DRBQVM
1765 4341 1833 4382 ac
1882 4321 2134 4405 simplex
2166 4321 2566 4386 ,vocabulum
2621 4321 2875 4386 terbum
2916 4321 3158 4404 supple,

595 4425 756 4508 quod
791 4422 1034 4508 quidem
1073 4431 1234 4489 certe
1270 4425 1456 4488 (lebes
1488 4426 1546 4487 in
1599 4430 2078 4495 νΟΙιζΑΝΟΜ
2133 4423 2630 4500 Αυερῑηίιιοτυιη,
2666 4447 2785 4509 quo
2821 4426 2878 4488 in
2913 4445 3159 4488 nummo

592 4528 791 4613 placet
837 4528 1232 4591 Mommsenio
1279 4528 1609 4592 subaudire
1656 4531 1836 4601 vides,
1875 4529 1983 4591 sed
2019 4525 2221 4591 verius
2257 4529 2512 4592 sortasse
2543 4529 2821 4602 addetur,
2853 4526 3160 4590 dedicavi·

593 4652 752 4710 mm,
803 4650 908 4696 seu
957 4633 1117 4695 cives
1165 4632 1633 4696 dedicaverunt.
1680 4640 1748 4696 ut
1793 4632 2008 4696 Graeci
2055 4629 2348 4694 ἀνέθηκαν.
