3440 5114
512 272 615 329 646

444 395 777 460 Memnonis
825 393 1007 457 satum
1056 396 1175 455 523

445 481 620 544 Mens
666 478 867 553 Bona,
917 477 1051 542 eius
1096 477 1297 556 imago
1344 475 1543 540 Paesti
1594 474 1757 536 culta
1802 476 1880 536 66
1926 494 1962 551 y

444 565 817 628 Mercatores
877 560 1106 626 retiarii
1174 559 1435 643 vin(arii)
1495 556 1878 641 cupe(diarii)
1943 555 2208 621 Puteolis
2269 559 2429 618 4666
2494 563 2868 620 mercatores
2925 557 3193 638 pecuarii

537 649 866 713 Praeneste
917 651 1066 710 4484
1161 665 1172 676 ·
2529 664 2534 669 ·

444 733 733 796 Mercurii
781 739 966 814 caput
1009 728 1301 812 singulari
1352 734 1696 810 tegumento
1747 734 1967 790 tectum
2019 728 2075 788 in
2127 723 2385 788 nummis
2432 724 2682 804 signinis
2732 727 2812 787 55
2858 748 2889 787 c

447 818 664 881 milites
711 818 1009 899 imperare
1058 819 1197 887 920,
1246 832 1313 880 50
1356 813 1657 877 hiemandi
1703 830 1923 875 caussa
1968 812 2026 873 in
2074 808 2368 893 oppidum
2419 810 2806 872 introducere
2849 813 3031 885 4004,
3070 828 3121 885 2,
3161 828 3191 874 7

536 903 593 963 in
640 899 897 963 hiberna
942 899 1247 962 deducere
1297 902 1488 971 4004,
1525 916 1578 962 9.
1627 915 1682 962 ιι
1738 895 1984 959 militiae
2031 896 2267 958 vocatio
2315 898 2470 967 944,
2517 908 2583 958 77
2628 908 2692 958 84
2734 898 2929 967 4060,
2978 911 3044 962 93
3097 913 3195 962 103

533 983 754 1048 milites
803 984 1039 1047 Africae
1082 1004 1154 1045 ex
1200 983 1546 1047 caecilianis
1596 986 1757 1044 4524

448 1067 729 1132 militaria
786 1070 1054 1151 praemia
1108 1076 1352 1152 torques
1407 1064 1678 1131 armillae
1736 1063 2022 1149 phalerae
2086 1065 2249 1126 4075
2315 1061 2485 1125 miles
2547 1062 2809 1126 donatus
2876 1064 3193 1147 torquibus

540 1153 788 1216 armillis
838 1152 1101 1236 phaleris
1149 1171 1371 1216 corona
1420 1155 1579 1215 4075

448 1237 510 1300 L.
560 1237 879 1307 Minucius,
927 1239 1025 1300 cui
1075 1236 1316 1320 publice
1362 1237 1645 1300 columna
1690 1232 1890 1318 posita
1936 1240 2047 1306 est,
2097 1250 2333 1297 annona
2382 1231 2670 1314 populum
2719 1230 2939 1296 levavit
2988 1236 3108 1293 458

448 1322 527 1383 Μ.
578 1321 877 1385 Minucius
922 1323 1153 1405 primus
1199 1340 1392 1403 augur
1436 1340 1508 1384 ex
1554 1319 1730 1404 plebe
1777 1326 2016 1382 creatus
2062 1337 2118 1382 a.
2172 1321 2310 1389 454,
2359 1316 2502 1379 inde
2533 1313 2826 1397 Augurini
2858 1335 3193 1399 cognomen

540 1408 703 1485 genti
752 1406 957 1470 datum
1010 1411 1127 1469 458

455 1490 835 1553 Mommsenii
898 1491 1125 1555 Theod.
1176 1509 1229 1551 v.
1275 1489 1346 1552 cl.
1405 1486 1931 1572 interpretationes
1992 1485 2276 1550 laudatae
2336 1484 2689 1568 saepissime
2748 1506 2844 1548 nn.
2904 1491 3003 1562 84,
3052 1490 3196 1559 449,

537 1578 676 1647 344,
727 1578 867 1647 344,
919 1578 1057 1651 473,
1110 1576 1250 1652 475,
1297 1579 1439 1648 873,
1487 1579 1627 1649 905,
1675 1578 1818 1645 942,
1868 1577 2012 1651 949,
2061 1574 2203 1646 927,
2252 1575 2399 1645 948,
2440 1574 2583 1643 990,
2622 1573 2783 1633 4009
2820 1572 2956 1633 vide
2991 1578 3192 1636 tamen

535 1659 696 1733 add,
749 1663 929 1733 4025,
981 1663 1163 1735 4028,
1213 1661 1395 1733 4062,
1447 1662 1629 1733 4077,
1681 1663 1862 1731 4445,
1904 1660 2085 1730 4449,
2124 1659 2308 1731 4420,
2347 1659 2532 1725 4424,
2573 1658 2750 1729 4427,
2791 1660 2971 1730 4435,
3010 1660 3195 1727 4358,

536 1746 716 1816 4462,
766 1748 925 1806 4552
973 1753 1072 1807 eet.
1119 1744 1496 1808 Mommsenii
1543 1744 1748 1828 opinio
1797 1744 1870 1805 de
1915 1742 2179 1805 nummis
2228 1743 2372 1814 286,
2407 1743 2529 1802 287
2579 1738 2848 1804 thesauri
2896 1741 3191 1822 cingulari

536 1828 597 1888 in
645 1827 780 1891 add.
830 1828 905 1890 ad
952 1848 1006 1891 n.
1062 1833 1170 1891 354

454 1917 826 1975 monetarum
872 1914 994 1997 typi
1042 1931 1474 1998 nonnunquam
1522 1921 1687 1977 extra
1733 1910 1953 1976 seriem
2016 1916 2403 1993 repetuntur,
2459 1909 2730 1991 pondere
2791 1918 3048 1984 mutato,
3109 1910 3195 1973 ita

536 2015 609 2058 ex
654 2004 930 2061 sextante
976 1999 1162 2062 triens
1209 1999 1303 2063 vel
1351 2000 1549 2074 uncia,
1594 2017 1666 2062 ex
1715 1998 1929 2061 triente
1978 2001 2221 2059 sextans
2268 1997 2347 2057 68
2380 2015 2431 2071 c,
2468 2013 2539 2057 ex
2576 2001 2853 2059 sextante
2891 1995 3195 2081 quadrans

536 2080 626 2144 vel
678 2083 989 2145 semuncia
1033 2082 1099 2146 fit
1146 2086 1223 2146 30
1270 2103 1299 2143 c
1342 2085 1381 2143 d
2279 2088 2283 2092 “

456 2167 830 2229 monumenti
876 2166 1130 2230 latitudo
1175 2176 1235 2229 et
1281 2168 1593 2249 longitudo
1640 2167 1878 2248 signata
1929 2170 2109 2239 4659,
2157 2163 2249 2226 vel
2299 2169 2446 2247 quot
2476 2163 2533 2225 in
2569 2162 2760 2228 fronte
2793 2167 2943 2227 etin
2978 2182 3191 2246 agrum

538 2249 725 2333 pedes
774 2249 956 2313 habet
1005 2256 1164 2315 4339

453 2340 726 2397 mortuus
771 2355 975 2399 secum
1024 2336 1216 2399 defert
1260 2335 1507 2421 stipem,
1552 2343 1850 2413 strenam,
1896 2334 2098 2399 lumen
2149 2334 2312 2396 4452

454 2437 675 2481 munus
721 2416 944 2502 (ξένια)
992 2421 1228 2485 mittere
1275 2425 1426 2495 994,
1465 2437 1497 2487 8

449 2504 820 2569 musivorum
866 2505 986 2570 duo
1032 2524 1257 2587 genere
1306 2504 1674 2571 tessellatum
1723 2514 1782 2571 et
1828 2503 2058 2584 sectile,
2105 2504 2354 2568 alterum
2390 2500 2877 2586 antiquissimum
2908 2505 2966 2569 in
3004 2504 3193 2579 ltalia,

465 2653 469 2659 ,
534 2589 789 2653 alterum
838 2609 874 2651 a
918 2590 1086 2656 Sulla
1131 2583 1432 2657 inductum
1482 2595 1604 2654 925

448 2680 685 2756 mystae
730 2675 809 2757 pii
859 2678 974 2738 934

448 2777 486 2816 n
532 2776 639 2839 pro
682 2778 739 2818 m
782 2778 821 2817 n
867 2758 1135 2835 adiecta,
1184 2762 1408 2825 omissa
1454 2762 1575 2821 vide
1619 2762 1735 2822 ind.
1791 2779 2030 2839 qramm.

447 2861 484 2901 n
528 2843 586 2904 in
636 2860 841 2926 praep.
898 2850 1077 2915 (ΟΝ
1145 2855 1283 2909 ante
1333 2850 1368 2916 S
1428 2846 1681 2917 omissa,
1732 2845 2028 2918 admissa,
2091 2843 2214 2906 sere
2274 2846 2620 2927 promiscue
2713 2899 2724 2909 .
2771 2848 2842 2907 24
2900 2881 2981 2893 -—
3030 2850 3082 2914 Ν
3137 2844 3193 2907 ἱη

533 2944 747 3011 praep.
806 2935 890 2996 ΙΝ
942 2937 1077 2992 ante
1127 2936 1168 2998 Ρ
1216 2930 1275 2992 in
1329 2939 1416 3000 ΛΛ
1465 2927 1680 2993 mutari
1741 2929 1983 2991 saeculo
2044 2928 2298 3012 septimo
2358 2938 2579 3015 caepta
2630 2866 2903 2994 Rfummii
2963 2935 3190 3004 aetate;

531 3010 669 3074 inde
719 3012 897 3092 vulgo
944 3015 1019 3077 ab
1066 3012 1271 3078 Sullae
1316 3020 1516 3078 aetate
1564 3021 1885 3097 usurpata,
1936 3011 2076 3075 ibid.

444 3092 1227 3179 Neapolitanorum·foedus
1261 3118 1397 3162 cum
1433 3098 1755 3163 Suessanis
1790 3102 1866 3160 59
1898 3118 1945 3170 c,
1976 3094 2216 3160 Calenis
2252 3095 2332 3158 ib.
2367 3102 2420 3172 d,
2452 3120 2590 3164 cum
2623 3097 2975 3163 Aeserninis
3002 3102 3077 3161 65
3106 3098 3192 3158 hi

445 3176 1029 3328 Nexus⁴2itterarum
1078 3191 1247 3265 quot,
1293 3191 1352 3246 et
1380 3184 1617 3266 ,quibus
1666 3181 1902 3263 legibus
1936 3179 2075 3243 olim
2112 3178 2169 3243 in
2211 3184 2469 3247 nummis
2508 3187 2567 3247 in
2607 3184 2915 3270 lapidibus
2963 3183 3189 3247 inducti

443 3283 734 3410 noneinum
779 3351 954 3424 ratio,
1006 3357 1176 3433 pater
1221 3351 1412 3415 tribus
1439 3355 2034 3443 cognomenveptl,
2081 3365 2231 3418 14-15
2270 3368 2426 3419 17-19
2458 3352 2720 3428 nomina,
2769 3350 3186 3437 praenomina,

527 3441 753 3517 patres,
800 3442 904 3498 aut
947 3437 1206 3519 patroni,
1252 3436 1462 3506 tribus,
1512 3435 1872 3518 cognomina
1921 3438 2103 3508 4060,
2156 3451 2267 3510 146,
2314 3439 2557 3501 nomina
2602 3458 2737 3502 cum
2785 3435 3189 3522 praenomine

527 3525 869 3582 constanter
914 3520 1140 3604 scripta
1187 3522 1245 3583 in
1297 3522 1552 3584 nummis
1599 3521 1674 3584 ab
1722 3541 1778 3584 a.
1825 3521 1967 3596 672,
2016 3519 2111 3584 vel
2160 3521 2400 3584 nomina
2439 3529 2499 3586 et
2530 3524 2892 3606 cognomina
2924 3539 3188 3605 praeno-

528 3603 687 3667 mine
736 3604 993 3672 omisso‚
1043 3609 1164 3668 299

444 3685 689 3751 nomina
737 3689 946 3751 tertiae
994 3690 1358 3775 parisyllaba
1403 3687 1461 3752 in
1511 3692 1587 3768 is,
1631 3689 1928 3763 Menatis,
1975 3688 2363 3768 Feidenati(s)
2416 3695 2538 3754 565

444 3790 662 3836 nomen
712 3771 1095 3855 magistratus
1142 3773 1459 3839 monetarii
1506 3777 1564 3838 in
1612 3775 1816 3838 antica
1859 3774 2033 3837 annis
2078 3778 2363 3837 640-650
2410 3774 2624 3860 incipit
2671 3775 2920 3840 inscribi
2969 3777 3090 3837 225

446 3855 689 3920 nomina
731 3856 1003 3923 derivata
1047 3857 1110 3921 in
1156 3860 1306 3920 idias
1350 3877 1384 3921 a
1431 3858 1704 3941 positivis
1752 3860 1809 3920 in
1858 3859 1946 3919 ius
1990 3864 2118 3922 orta
2168 3878 2225 3940 p.
2273 3864 2354 3921 29

440 3959 658 4004 nomen
704 3940 943 4006 deferre
990 3947 1139 4018 944,
1196 3961 1361 4012 19-26
1403 3960 1471 4010 3ο
1512 3961 1570 4011 41
1623 3959 1689 4008 85
1730 3943 1963 4006 referre
2011 3949 2166 4013 944,
2213 3959 2283 4010 40
2328 3947 2572 4012 nomina
2618 3945 2839 4010 civium
2887 3945 2948 4007 in
2997 3962 3184 4008 censu

524 4024 813 4174 {oigratis
858 4026 1141 4111 accipere
1192 4031 1373 4104 4060,
1426 4046 1485 4095 14
1534 4028 1777 4092 nomina
1824 4026 2235 4109 profitentium
2269 4027 2329 4091 in
2367 4029 2606 4094 tabulas
2640 4030 2923 4114 publicas
2969 4028 3190 4092 referre

660 4115 717 4182 0,
769 4128 831 4179 14

446 4211 661 4258 nomen
709 4195 950 4260 deferre
1002 4202 1162 4260 4449

443 4297 662 4343 nomen
708 4281 956 4356 servile,
1005 4281 1203 4366 Appia
1248 4285 1413 4346 2438

440 4370 617 4429 notae
662 4365 1130 4510 ‹gomplectentes
1178 4386 1387 4432 versus
1434 4367 1587 4432 duos
1636 4373 1740 4431 aut
1784 4366 1988 4450 plures
2037 4367 2470 4452 trahentesque
2517 4368 2595 4433 ad
2643 4386 2884 4434 versum
2933 4366 3185 4431 alterum

436 4531 667 4600 Novius
714 4534 993 4601 Plautius
1041 4537 1254 4603 artifex
1304 4537 1722 4622 praenestinus
1771 4541 1892 4601 522
