<?xml version="1.0" encoding="UTF-8"?>
<!DOCTYPE html PUBLIC "-//W3C//DTD XHTML 1.0 Transitional//EN"
    "http://www.w3.org/TR/xhtml1/DTD/xhtml1-transitional.dtd">
<html xmlns="http://www.w3.org/1999/xhtml" xml:lang="en" lang="en">
 <head>
  <title>
</title>
<meta http-equiv="Content-Type" content="text/html;charset=utf-8" />
  <meta name='ocr-system' content='tesseract 3.04.00' />
  <meta name='ocr-capabilities' content='ocr_page ocr_carea ocr_par ocr_line ocrx_word'/>
</head>
<body>
  <div class='ocr_page' id='page_1' title='image "./syllogeinscript01garrgoog_0072.png"; bbox 0 0 3440 5114; ppageno 0'>
   <div class='ocr_carea' id='block_1_1' title="bbox 516 302 581 359">
    <p class='ocr_par' dir='ltr' id='par_1_1' title="bbox 516 302 581 359">
     <span class='ocr_line' id='line_1_1' title="bbox 516 302 581 359; baseline 0 0"><span class='ocrx_word' id='word_1_1' title='bbox 516 302 581 359; x_wconf 80' lang='lat'>56</span> 
     </span>
    </p>
   </div>
   <div class='ocr_carea' id='block_1_2' title="bbox 566 419 3134 611">
    <p class='ocr_par' dir='ltr' id='par_1_2' title="bbox 566 419 3134 611">
     <span class='ocr_line' id='line_1_2' title="bbox 733 419 3134 510; baseline -0.002 -23"><span class='ocrx_word' id='word_1_2' title='bbox 733 424 903 487; x_wconf 85' lang='lat' dir='ltr'>Nunc</span> <span class='ocrx_word' id='word_1_3' title='bbox 950 424 1307 510; x_wconf 87' lang='lat' dir='ltr'>progrediar</span> <span class='ocrx_word' id='word_1_4' title='bbox 1352 427 1427 487; x_wconf 83' lang='lat' dir='ltr'>ad</span> <span class='ocrx_word' id='word_1_5' title='bbox 1466 424 1936 508; x_wconf 69' lang='lat' dir='ltr'>descriptionem</span> <span class='ocrx_word' id='word_1_6' title='bbox 1973 436 2345 487; x_wconf 85' lang='lat' dir='ltr'>nummorum</span> <span class='ocrx_word' id='word_1_7' title='bbox 2380 422 2750 507; x_wconf 80' lang='lat' dir='ltr'>reliquarum</span> <span class='ocrx_word' id='word_1_8' title='bbox 2780 419 2997 486; x_wconf 87' lang='lat' dir='ltr'>ltaliae</span> <span class='ocrx_word' id='word_1_9' title='bbox 3030 438 3134 484; x_wconf 86' lang='lat' dir='ltr'>ur-</span> 
     </span>
     <span class='ocr_line' id='line_1_3' title="bbox 566 525 3132 611; baseline -0.001 -22"><span class='ocrx_word' id='word_1_10' title='bbox 566 528 725 589; x_wconf 91' lang='lat' dir='ltr'>bium</span> <span class='ocrx_word' id='word_1_11' title='bbox 786 548 941 611; x_wconf 88' lang='lat' dir='ltr'>quae</span> <span class='ocrx_word' id='word_1_12' title='bbox 1001 547 1223 591; x_wconf 87' lang='lat' dir='ltr'>annum</span> <span class='ocrx_word' id='word_1_13' title='bbox 1281 527 1448 591; x_wconf 87' lang='lat' dir='ltr'>urbis</span> <span class='ocrx_word' id='word_1_14' title='bbox 1505 529 1787 590; x_wconf 84' lang='lat' dir='ltr'>conditae</span> <span class='ocrx_word' id='word_1_15' title='bbox 1837 530 1956 588; x_wconf 77' lang='lat'>5:37</span> <span class='ocrx_word' id='word_1_16' title='bbox 2003 526 2095 589; x_wconf 81' lang='lat' dir='ltr'>vel</span> <span class='ocrx_word' id='word_1_17' title='bbox 2145 534 2308 589; x_wconf 85' lang='lat' dir='ltr'>certe</span> <span class='ocrx_word' id='word_1_18' title='bbox 2356 526 2761 598; x_wconf 85' lang='lat' dir='ltr'>antecedunt,</span> <span class='ocrx_word' id='word_1_19' title='bbox 2811 525 2905 589; x_wconf 79' lang='lat' dir='ltr'>vel</span> <span class='ocrx_word' id='word_1_20' title='bbox 2955 530 3132 588; x_wconf 88' lang='lat' dir='ltr'>ante-</span> 
     </span>
    </p>
   </div>
   <div class='ocr_carea' id='block_1_3' title="bbox 571 629 1130 695">
    <p class='ocr_par' dir='ltr' id='par_1_3' title="bbox 571 629 1130 695">
     <span class='ocr_line' id='line_1_4' title="bbox 571 629 1130 695; baseline 0.002 -2"><span class='ocrx_word' id='word_1_21' title='bbox 571 631 790 695; x_wconf 82' lang='lat' dir='ltr'>cedere</span> <span class='ocrx_word' id='word_1_22' title='bbox 838 629 1130 695; x_wconf 85' lang='lat' dir='ltr'>videntur.</span> 
     </span>
    </p>
   </div>
   <div class='ocr_carea' id='block_1_4' title="bbox 1661 801 1961 874">
    <p class='ocr_par' dir='ltr' id='par_1_4' title="bbox 1661 801 1961 874">
     <span class='ocr_line' id='line_1_5' title="bbox 1661 801 1961 874; baseline 0.003 -1"><span class='ocrx_word' id='word_1_23' title='bbox 1661 802 1831 874; x_wconf 87' lang='lat' dir='ltr'><strong>CAP.</strong></span> <span class='ocrx_word' id='word_1_24' title='bbox 1891 801 1961 874; x_wconf 81' lang='lat' dir='ltr'>V.</span> 
     </span>
    </p>
   </div>
   <div class='ocr_carea' id='block_1_5' title="bbox 522 978 3085 1035">
    <p class='ocr_par' dir='ltr' id='par_1_5' title="bbox 522 978 3085 1035">
     <span class='ocr_line' id='line_1_6' title="bbox 522 978 3085 1035; baseline -0 -7"><span class='ocrx_word' id='word_1_25' title='bbox 522 981 731 1029; x_wconf 71' lang='lat' dir='ltr'>Nummi</span> <span class='ocrx_word' id='word_1_26' title='bbox 768 980 879 1026; x_wconf 68' lang='lat' dir='ltr'>nati</span> <span class='ocrx_word' id='word_1_27' title='bbox 916 982 1160 1035; x_wconf 75' lang='lat' dir='ltr'>percussi</span> <span class='ocrx_word' id='word_1_28' title='bbox 1198 984 1255 1027; x_wconf 81' lang='lat' dir='ltr'>in</span> <span class='ocrx_word' id='word_1_29' title='bbox 1293 981 1454 1028; x_wconf 76' lang='lat' dir='ltr'>terris</span> <span class='ocrx_word' id='word_1_30' title='bbox 1488 981 1817 1028; x_wconf 71' lang='lat' dir='ltr'>Sabinorum</span> <span class='ocrx_word' id='word_1_31' title='bbox 1854 988 1908 1025; x_wconf 76' lang='lat' dir='ltr'>et</span> <span class='ocrx_word' id='word_1_32' title='bbox 1942 984 2319 1030; x_wconf 75' lang='lat' dir='ltr'>Etruseorum.</span> <span class='ocrx_word' id='word_1_33' title='bbox 2356 989 2508 1025; x_wconf 69' lang='lat' dir='ltr'>mare</span> <span class='ocrx_word' id='word_1_34' title='bbox 2544 979 2688 1025; x_wconf 80' lang='lat' dir='ltr'>inter</span> <span class='ocrx_word' id='word_1_35' title='bbox 2721 984 2773 1026; x_wconf 77' lang='lat' dir='ltr'>et</span> <span class='ocrx_word' id='word_1_36' title='bbox 2808 978 3085 1027; x_wconf 75' lang='lat' dir='ltr'>Tiberim.</span> 
     </span>
    </p>
   </div>
   <div class='ocr_carea' id='block_1_6' title="bbox 1352 1084 2256 1138">
    <p class='ocr_par' dir='ltr' id='par_1_6' title="bbox 1352 1084 2256 1138">
     <span class='ocr_line' id='line_1_7' title="bbox 1352 1084 2256 1138; baseline 0 -9"><span class='ocrx_word' id='word_1_37' title='bbox 1352 1086 1590 1138; x_wconf 70' lang='lat' dir='ltr'>itemque</span> <span class='ocrx_word' id='word_1_38' title='bbox 1626 1085 1682 1130; x_wconf 81' lang='lat' dir='ltr'>in</span> <span class='ocrx_word' id='word_1_39' title='bbox 1720 1084 1884 1129; x_wconf 79' lang='lat' dir='ltr'>terris</span> <span class='ocrx_word' id='word_1_40' title='bbox 1921 1084 2256 1131; x_wconf 68' lang='lat' dir='ltr'>Latinorum.</span> 
     </span>
    </p>
   </div>
   <div class='ocr_carea' id='block_1_7' title="bbox 486 1243 3136 2465">
    <p class='ocr_par' dir='ltr' id='par_1_7' title="bbox 486 1243 3135 1645">
     <span class='ocr_line' id='line_1_8' title="bbox 486 1243 3135 1331; baseline -0.002 -20"><span class='ocrx_word' id='word_1_41' title='bbox 486 1253 581 1311; x_wconf 81' lang='lat'>50.</span> <span class='ocrx_word' id='word_1_42' title='bbox 631 1249 692 1329; x_wconf 81' lang='lat' dir='ltr'>a)</span> <span class='ocrx_word' id='word_1_43' title='bbox 749 1249 832 1310; x_wconf 78' lang='lat' dir='ltr'>Ex</span> <span class='ocrx_word' id='word_1_44' title='bbox 893 1268 1041 1331; x_wconf 85' lang='lat' dir='ltr'>agro</span> <span class='ocrx_word' id='word_1_45' title='bbox 1102 1246 1521 1331; x_wconf 77' lang='lat' dir='ltr'>Tarquiniensi</span> <span class='ocrx_word' id='word_1_46' title='bbox 1582 1246 1756 1312; x_wconf 81' lang='lat' dir='ltr'>aenei</span> <span class='ocrx_word' id='word_1_47' title='bbox 1815 1248 2034 1310; x_wconf 89' lang='lat' dir='ltr'>lateres</span> <span class='ocrx_word' id='word_1_48' title='bbox 2082 1248 2200 1310; x_wconf 90' lang='lat' dir='ltr'>duo</span> <span class='ocrx_word' id='word_1_49' title='bbox 2248 1246 2442 1318; x_wconf 86' lang='lat' dir='ltr'>eruti,</span> <span class='ocrx_word' id='word_1_50' title='bbox 2504 1247 2840 1331; x_wconf 78' lang='lat' dir='ltr'>pendentes</span> <span class='ocrx_word' id='word_1_51' title='bbox 2902 1243 3135 1328; x_wconf 88' lang='lat' dir='ltr'>singuli</span> 
     </span>
     <span class='ocr_line' id='line_1_9' title="bbox 564 1349 3135 1436; baseline -0.001 -22"><span class='ocrx_word' id='word_1_52' title='bbox 564 1350 751 1414; x_wconf 76' lang='lat' dir='ltr'>libras</span> <span class='ocrx_word' id='word_1_53' title='bbox 799 1351 922 1415; x_wconf 85' lang='lat' dir='ltr'>sere</span> <span class='ocrx_word' id='word_1_54' title='bbox 970 1353 1146 1425; x_wconf 75' lang='lat' dir='ltr'>duaS‚</span> <span class='ocrx_word' id='word_1_55' title='bbox 1194 1352 1345 1415; x_wconf 88' lang='lat' dir='ltr'>alter</span> <span class='ocrx_word' id='word_1_56' title='bbox 1390 1371 1477 1433; x_wconf 87' lang='lat' dir='ltr'>gr.</span> <span class='ocrx_word' id='word_1_57' title='bbox 1512 1350 1649 1431; x_wconf 82' lang='lat' dir='ltr'>gall.</span> <span class='ocrx_word' id='word_1_58' title='bbox 1685 1354 1826 1423; x_wconf 85' lang='lat'><strong>609,</strong></span> <span class='ocrx_word' id='word_1_59' title='bbox 1874 1352 2025 1414; x_wconf 89' lang='lat' dir='ltr'>alter</span> <span class='ocrx_word' id='word_1_60' title='bbox 2071 1371 2157 1433; x_wconf 85' lang='lat' dir='ltr'>gr.</span> <span class='ocrx_word' id='word_1_61' title='bbox 2195 1355 2334 1413; x_wconf 71' lang='lat'><strong>5435,</strong></span> <span class='ocrx_word' id='word_1_62' title='bbox 2383 1349 2624 1414; x_wconf 81' lang='lat' dir='ltr'>Habent</span> <span class='ocrx_word' id='word_1_63' title='bbox 2670 1369 2777 1436; x_wconf 89' lang='lat' dir='ltr'>pro</span> <span class='ocrx_word' id='word_1_64' title='bbox 2826 1349 3001 1432; x_wconf 78' lang='lat' dir='ltr'>signo</span> <span class='ocrx_word' id='word_1_65' title='bbox 3041 1350 3135 1412; x_wconf 90' lang='lat' dir='ltr'>lu-</span> 
     </span>
     <span class='ocr_line' id='line_1_10' title="bbox 561 1452 3129 1538; baseline -0.001 -22"><span class='ocrx_word' id='word_1_66' title='bbox 561 1455 731 1518; x_wconf 75' lang='lat' dir='ltr'>nulas</span> <span class='ocrx_word' id='word_1_67' title='bbox 778 1454 954 1535; x_wconf 73' lang='lat' dir='ltr'>gibbo</span> <span class='ocrx_word' id='word_1_68' title='bbox 1002 1453 1115 1518; x_wconf 87' lang='lat' dir='ltr'>sibi</span> <span class='ocrx_word' id='word_1_69' title='bbox 1162 1455 1475 1538; x_wconf 10' lang='lat' dir='ltr'>*oppositas</span> <span class='ocrx_word' id='word_1_70' title='bbox 1509 1452 1566 1516; x_wconf 92' lang='lat' dir='ltr'>in</span> <span class='ocrx_word' id='word_1_71' title='bbox 1601 1454 1884 1516; x_wconf 76' lang='lat' dir='ltr'>extremis</span> <span class='ocrx_word' id='word_1_72' title='bbox 1923 1453 2126 1518; x_wconf 86' lang='lat' dir='ltr'>lateris</span> <span class='ocrx_word' id='word_1_73' title='bbox 2167 1454 2438 1537; x_wconf 86' lang='lat' dir='ltr'>partibus</span> <span class='ocrx_word' id='word_1_74' title='bbox 2472 1455 2706 1519; x_wconf 85' lang='lat' dir='ltr'>anticae</span> <span class='ocrx_word' id='word_1_75' title='bbox 2740 1461 2801 1518; x_wconf 88' lang='lat' dir='ltr'>et</span> <span class='ocrx_word' id='word_1_76' title='bbox 2831 1454 3129 1538; x_wconf 76' lang='lat' dir='ltr'>posticae,</span> 
     </span>
     <span class='ocr_line' id='line_1_11' title="bbox 563 1556 2005 1645; baseline -0.003 -24"><span class='ocrx_word' id='word_1_77' title='bbox 563 1565 622 1621; x_wconf 89' lang='lat' dir='ltr'>et</span> <span class='ocrx_word' id='word_1_78' title='bbox 667 1558 924 1645; x_wconf 75' lang='lat' dir='ltr'>medium</span> <span class='ocrx_word' id='word_1_79' title='bbox 972 1556 1352 1621; x_wconf 88' lang='lat' dir='ltr'>intervallum</span> <span class='ocrx_word' id='word_1_80' title='bbox 1404 1575 1660 1620; x_wconf 88' lang='lat' dir='ltr'>vacuum</span> <span class='ocrx_word' id='word_1_81' title='bbox 1710 1557 2005 1620; x_wconf 88' lang='lat' dir='ltr'>relictum.</span> 
     </span>
    </p>

    <p class='ocr_par' dir='ltr' id='par_1_8' title="bbox 557 1659 3136 2465">
     <span class='ocr_line' id='line_1_12' title="bbox 648 1659 3131 1743; baseline -0.002 -20"><span class='ocrx_word' id='word_1_82' title='bbox 648 1662 712 1742; x_wconf 82' lang='lat' dir='ltr'>b)</span> <span class='ocrx_word' id='word_1_83' title='bbox 764 1659 999 1724; x_wconf 87' lang='lat' dir='ltr'>Tertius</span> <span class='ocrx_word' id='word_1_84' title='bbox 1047 1660 1201 1724; x_wconf 87' lang='lat' dir='ltr'>later</span> <span class='ocrx_word' id='word_1_85' title='bbox 1246 1660 1387 1723; x_wconf 85' lang='lat' dir='ltr'>mibi</span> <span class='ocrx_word' id='word_1_86' title='bbox 1437 1668 1699 1743; x_wconf 79' lang='lat' dir='ltr'>emptus,</span> <span class='ocrx_word' id='word_1_87' title='bbox 1747 1662 1842 1722; x_wconf 80' lang='lat' dir='ltr'>cui</span> <span class='ocrx_word' id='word_1_88' title='bbox 1893 1661 2066 1724; x_wconf 86' lang='lat' dir='ltr'>tortia</span> <span class='ocrx_word' id='word_1_89' title='bbox 2105 1679 2246 1743; x_wconf 86' lang='lat' dir='ltr'>pars</span> <span class='ocrx_word' id='word_1_90' title='bbox 2286 1660 2502 1725; x_wconf 83' lang='lat' dir='ltr'>deesse</span> <span class='ocrx_word' id='word_1_91' title='bbox 2539 1660 2811 1736; x_wconf 86' lang='lat' dir='ltr'>videtur,</span> <span class='ocrx_word' id='word_1_92' title='bbox 2851 1660 3131 1743; x_wconf 84' lang='lat' dir='ltr'>pendens</span> 
     </span>
     <span class='ocr_line' id='line_1_13' title="bbox 563 1762 3136 1847; baseline -0.001 -20"><span class='ocrx_word' id='word_1_93' title='bbox 563 1784 647 1845; x_wconf 84' lang='lat' dir='ltr'>gr.</span> <span class='ocrx_word' id='word_1_94' title='bbox 697 1763 836 1846; x_wconf 83' lang='lat' dir='ltr'>gall.</span> <span class='ocrx_word' id='word_1_95' title='bbox 887 1767 1022 1836; x_wconf 68' lang='lat'>442,</span> <span class='ocrx_word' id='word_1_96' title='bbox 1069 1762 1250 1828; x_wconf 88' lang='lat' dir='ltr'>habet</span> <span class='ocrx_word' id='word_1_97' title='bbox 1297 1763 1352 1826; x_wconf 92' lang='lat' dir='ltr'>in</span> <span class='ocrx_word' id='word_1_98' title='bbox 1395 1762 1592 1826; x_wconf 87' lang='lat' dir='ltr'>medio</span> <span class='ocrx_word' id='word_1_99' title='bbox 1631 1762 1870 1826; x_wconf 88' lang='lat' dir='ltr'>duabus</span> <span class='ocrx_word' id='word_1_100' title='bbox 1905 1764 2283 1826; x_wconf 75' lang='lat' dir='ltr'>interiectum</span> <span class='ocrx_word' id='word_1_101' title='bbox 2317 1763 2540 1827; x_wconf 90' lang='lat' dir='ltr'>lunulis</span> <span class='ocrx_word' id='word_1_102' title='bbox 2573 1763 2757 1845; x_wconf 85' lang='lat' dir='ltr'>gibbo</span> <span class='ocrx_word' id='word_1_103' title='bbox 2788 1762 2901 1825; x_wconf 90' lang='lat' dir='ltr'>sibi</span> <span class='ocrx_word' id='word_1_104' title='bbox 2937 1782 3136 1847; x_wconf 85' lang='lat' dir='ltr'>oppo-</span> 
     </span>
     <span class='ocr_line' id='line_1_14' title="bbox 557 1858 3130 1950; baseline 0 -24"><span class='ocrx_word' id='word_1_105' title='bbox 557 1865 690 1930; x_wconf 77' lang='lat' dir='ltr'>sitis</span> <span class='ocrx_word' id='word_1_106' title='bbox 734 1875 956 1930; x_wconf 88' lang='lat' dir='ltr'>astrum</span> <span class='ocrx_word' id='word_1_107' title='bbox 1001 1858 1304 1930; x_wconf 85' lang='lat' dir='ltr'>radiorum</span> <span class='ocrx_word' id='word_1_108' title='bbox 1343 1870 1595 1950; x_wconf 81' lang='lat' dir='ltr'>septem.</span> <span class='ocrx_word' id='word_1_109' title='bbox 1649 1865 1778 1928; x_wconf 77' lang='lat' dir='ltr'>Alia</span> <span class='ocrx_word' id='word_1_110' title='bbox 1811 1872 2128 1949; x_wconf 87' lang='lat' dir='ltr'>praeterea</span> <span class='ocrx_word' id='word_1_111' title='bbox 2160 1866 2497 1948; x_wconf 83' lang='lat' dir='ltr'>fragmenta</span> <span class='ocrx_word' id='word_1_112' title='bbox 2530 1866 2743 1930; x_wconf 90' lang='lat' dir='ltr'>eodem</span> <span class='ocrx_word' id='word_1_113' title='bbox 2779 1865 3130 1929; x_wconf 87' lang='lat' dir='ltr'>lunularum</span> 
     </span>
     <span class='ocr_line' id='line_1_15' title="bbox 560 1968 3128 2055; baseline -0.002 -23"><span class='ocrx_word' id='word_1_114' title='bbox 560 1979 700 2055; x_wconf 80' lang='lat' dir='ltr'>typo</span> <span class='ocrx_word' id='word_1_115' title='bbox 746 1969 963 2034; x_wconf 76' lang='lat' dir='ltr'>effossa</span> <span class='ocrx_word' id='word_1_116' title='bbox 1009 1989 1082 2033; x_wconf 81' lang='lat' dir='ltr'>ex</span> <span class='ocrx_word' id='word_1_117' title='bbox 1131 1989 1201 2033; x_wconf 90' lang='lat' dir='ltr'>eo</span> <span class='ocrx_word' id='word_1_118' title='bbox 1248 1988 1395 2051; x_wconf 79' lang='lat' dir='ltr'>agro</span> <span class='ocrx_word' id='word_1_119' title='bbox 1443 1988 1553 2032; x_wconf 87' lang='lat' dir='ltr'>nec</span> <span class='ocrx_word' id='word_1_120' title='bbox 1602 1968 1746 2031; x_wconf 86' lang='lat' dir='ltr'>alibi</span> <span class='ocrx_word' id='word_1_121' title='bbox 1788 1968 1984 2032; x_wconf 86' lang='lat' dir='ltr'>adbuc</span> <span class='ocrx_word' id='word_1_122' title='bbox 2020 1970 2209 2055; x_wconf 79' lang='lat' dir='ltr'>visae,</span> <span class='ocrx_word' id='word_1_123' title='bbox 2243 1968 2385 2032; x_wconf 87' lang='lat' dir='ltr'>mihi</span> <span class='ocrx_word' id='word_1_124' title='bbox 2423 1970 2645 2033; x_wconf 89' lang='lat' dir='ltr'>dudum</span> <span class='ocrx_word' id='word_1_125' title='bbox 2679 1970 3128 2053; x_wconf 83' lang='lat' dir='ltr'>persuaserunt</span> 
     </span>
     <span class='ocr_line' id='line_1_16' title="bbox 558 2069 3126 2154; baseline -0.001 -21"><span class='ocrx_word' id='word_1_126' title='bbox 558 2079 794 2137; x_wconf 87' lang='lat' dir='ltr'>veteres</span> <span class='ocrx_word' id='word_1_127' title='bbox 840 2072 1017 2135; x_wconf 86' lang='lat' dir='ltr'>buius</span> <span class='ocrx_word' id='word_1_128' title='bbox 1057 2071 1322 2154; x_wconf 81' lang='lat' dir='ltr'>regionis</span> <span class='ocrx_word' id='word_1_129' title='bbox 1353 2073 1581 2134; x_wconf 85' lang='lat' dir='ltr'>incolas</span> <span class='ocrx_word' id='word_1_130' title='bbox 1614 2069 1731 2133; x_wconf 85' lang='lat' dir='ltr'>sibi</span> <span class='ocrx_word' id='word_1_131' title='bbox 1766 2070 1912 2133; x_wconf 81' lang='lat' dir='ltr'>baec</span> <span class='ocrx_word' id='word_1_132' title='bbox 1947 2091 2092 2133; x_wconf 83' lang='lat' dir='ltr'>aera</span> <span class='ocrx_word' id='word_1_133' title='bbox 2127 2073 2266 2134; x_wconf 88' lang='lat' dir='ltr'>olim</span> <span class='ocrx_word' id='word_1_134' title='bbox 2305 2071 2565 2136; x_wconf 83' lang='lat' dir='ltr'>flavisse.</span> <span class='ocrx_word' id='word_1_135' title='bbox 2599 2071 2663 2133; x_wconf 86' lang='lat' dir='ltr'>ln</span> <span class='ocrx_word' id='word_1_136' title='bbox 2698 2069 2792 2134; x_wconf 85' lang='lat' dir='ltr'>his</span> <span class='ocrx_word' id='word_1_137' title='bbox 2825 2077 2919 2133; x_wconf 91' lang='lat' dir='ltr'>est</span> <span class='ocrx_word' id='word_1_138' title='bbox 2951 2070 3126 2141; x_wconf 89' lang='lat' dir='ltr'>later,</span> 
     </span>
     <span class='ocr_line' id='line_1_17' title="bbox 567 2158 3129 2258; baseline -0.002 -21"><span class='ocrx_word' id='word_1_139' title='bbox 567 2194 743 2258; x_wconf 90' lang='lat' dir='ltr'>quem</span> <span class='ocrx_word' id='word_1_140' title='bbox 794 2174 971 2238; x_wconf 91' lang='lat' dir='ltr'>modo</span> <span class='ocrx_word' id='word_1_141' title='bbox 1019 2176 1243 2257; x_wconf 87' lang='lat' dir='ltr'>prodo,</span> <span class='ocrx_word' id='word_1_142' title='bbox 1292 2173 1615 2247; x_wconf 76' lang='lat' dir='ltr'>dimidiu3‚</span> <span class='ocrx_word' id='word_1_143' title='bbox 1663 2174 1764 2258; x_wconf 87' lang='lat' dir='ltr'>qui</span> <span class='ocrx_word' id='word_1_144' title='bbox 1813 2172 1946 2236; x_wconf 87' lang='lat' dir='ltr'>loco</span> <span class='ocrx_word' id='word_1_145' title='bbox 1993 2173 2239 2238; x_wconf 88' lang='lat' dir='ltr'>lunulae</span> <span class='ocrx_word' id='word_1_146' title='bbox 2283 2173 2467 2238; x_wconf 87' lang='lat' dir='ltr'>habet</span> <span class='ocrx_word' id='word_1_147' title='bbox 2512 2174 2767 2237; x_wconf 74' lang='lat' dir='ltr'>litteram</span> <span class='ocrx_word' id='word_1_148' title='bbox 2814 2158 2875 2243; x_wconf 57' lang='grc' dir='ltr'>ἶ</span> <span class='ocrx_word' id='word_1_149' title='bbox 2915 2173 3129 2236; x_wconf 83' lang='lat' dir='ltr'>addita</span> 
     </span>
     <span class='ocr_line' id='line_1_18' title="bbox 569 2274 3135 2361; baseline 0 -23"><span class='ocrx_word' id='word_1_150' title='bbox 569 2280 950 2342; x_wconf 79' lang='lat' dir='ltr'>transversim</span> <span class='ocrx_word' id='word_1_151' title='bbox 999 2285 1143 2341; x_wconf 90' lang='lat' dir='ltr'>nota</span> <span class='ocrx_word' id='word_1_152' title='bbox 1189 2277 1397 2341; x_wconf 82' lang='lat' dir='ltr'>librae.</span> <span class='ocrx_word' id='word_1_153' title='bbox 1470 2277 1715 2361; x_wconf 85' lang='lat' dir='ltr'>ltaque,</span> <span class='ocrx_word' id='word_1_154' title='bbox 1768 2274 2000 2341; x_wconf 90' lang='lat' dir='ltr'>ratione</span> <span class='ocrx_word' id='word_1_155' title='bbox 2045 2274 2442 2357; x_wconf 80' lang='lat' dir='ltr'>longitudinis</span> <span class='ocrx_word' id='word_1_156' title='bbox 2487 2282 2547 2340; x_wconf 90' lang='lat' dir='ltr'>et</span> <span class='ocrx_word' id='word_1_157' title='bbox 2594 2275 2883 2360; x_wconf 85' lang='lat' dir='ltr'>ponderis</span> <span class='ocrx_word' id='word_1_158' title='bbox 2931 2277 3089 2340; x_wconf 80' lang='lat' dir='ltr'>sacta</span> <span class='ocrx_word' id='word_1_159' title='bbox 3120 2325 3135 2347; x_wconf 84' lang='lat'><strong>.</strong></span> 
     </span>
     <span class='ocr_line' id='line_1_19' title="bbox 567 2377 3130 2465; baseline -0.001 -22"><span class='ocrx_word' id='word_1_160' title='bbox 567 2401 637 2443; x_wconf 87' lang='lat' dir='ltr'>ex</span> <span class='ocrx_word' id='word_1_161' title='bbox 686 2382 1130 2465; x_wconf 86' lang='lat' dir='ltr'>praedictorum</span> <span class='ocrx_word' id='word_1_162' title='bbox 1180 2379 1544 2454; x_wconf 84' lang='lat' dir='ltr'>collatione,</span> <span class='ocrx_word' id='word_1_163' title='bbox 1607 2386 1861 2463; x_wconf 80' lang='lat' dir='ltr'>apparet</span> <span class='ocrx_word' id='word_1_164' title='bbox 1909 2387 2080 2443; x_wconf 89' lang='lat' dir='ltr'>notas</span> <span class='ocrx_word' id='word_1_165' title='bbox 2128 2380 2413 2464; x_wconf 88' lang='lat' dir='ltr'>ponderis</span> <span class='ocrx_word' id='word_1_166' title='bbox 2461 2380 2722 2443; x_wconf 88' lang='lat' dir='ltr'>medium</span> <span class='ocrx_word' id='word_1_167' title='bbox 2780 2377 2977 2443; x_wconf 87' lang='lat' dir='ltr'>locum</span> <span class='ocrx_word' id='word_1_168' title='bbox 3026 2397 3130 2441; x_wconf 92' lang='lat' dir='ltr'>oc-</span> 
     </span>
    </p>
   </div>
   <div class='ocr_carea' id='block_1_8' title="bbox 564 2481 3192 2690">
    <p class='ocr_par' dir='ltr' id='par_1_9' title="bbox 564 2481 3192 2690">
     <span class='ocr_line' id='line_1_20' title="bbox 565 2481 3192 2575; baseline -0.001 -29"><span class='ocrx_word' id='word_1_169' title='bbox 565 2504 860 2568; x_wconf 86' lang='lat' dir='ltr'>cupasse.</span> <span class='ocrx_word' id='word_1_170' title='bbox 923 2484 1095 2549; x_wconf 82' lang='lat' dir='ltr'>facile</span> <span class='ocrx_word' id='word_1_171' title='bbox 1153 2481 1306 2546; x_wconf 88' lang='lat' dir='ltr'>inter</span> <span class='ocrx_word' id='word_1_172' title='bbox 1351 2483 1469 2546; x_wconf 92' lang='lat' dir='ltr'>duo</span> <span class='ocrx_word' id='word_1_173' title='bbox 1532 2489 1581 2552; x_wconf 92' lang='grc' dir='ltr'>Α</span> <span class='ocrx_word' id='word_1_174' title='bbox 1645 2484 1904 2545; x_wconf 85' lang='lat' dir='ltr'>iacentia</span> <span class='ocrx_word' id='word_1_175' title='bbox 1950 2483 2026 2544; x_wconf 87' lang='lat' dir='ltr'>ad</span> <span class='ocrx_word' id='word_1_176' title='bbox 2077 2482 2236 2545; x_wconf 86' lang='lat' dir='ltr'>bunc</span> <span class='ocrx_word' id='word_1_177' title='bbox 2284 2483 2526 2570; x_wconf 90' lang='lat' dir='ltr'>modum</span> <span class='ocrx_word' id='word_1_178' title='bbox 2600 2482 2887 2575; x_wconf 55' lang='lat' dir='ltr'>iffi]</span> <span class='ocrx_word' id='word_1_179' title='bbox 2956 2482 3137 2563; x_wconf 83' lang='lat' dir='ltr'>Quae</span> <span class='ocrx_word' id='word_1_180' title='bbox 3185 2552 3192 2560; x_wconf 42' lang='lat'>‚</span> 
     </span>
     <span class='ocr_line' id='line_1_21' title="bbox 564 2593 3135 2690; baseline -0.001 -22"><span class='ocrx_word' id='word_1_181' title='bbox 564 2607 911 2668; x_wconf 75' lang='lat' dir='ltr'>conierturi</span> <span class='ocrx_word' id='word_1_182' title='bbox 942 2603 1165 2690; x_wconf 86' lang='lat' dir='ltr'>optime</span> <span class='ocrx_word' id='word_1_183' title='bbox 1197 2593 1609 2681; x_wconf 84' lang='lat' dir='ltr'>confirmatur,</span> <span class='ocrx_word' id='word_1_184' title='bbox 1644 2606 1886 2666; x_wconf 80' lang='lat' dir='ltr'>invento</span> <span class='ocrx_word' id='word_1_185' title='bbox 1922 2604 2270 2687; x_wconf 68' lang='lat' dir='ltr'>nupeirime</span> <span class='ocrx_word' id='word_1_186' title='bbox 2302 2603 2648 2689; x_wconf 82' lang='lat' dir='ltr'>Tarquiniis</span> <span class='ocrx_word' id='word_1_187' title='bbox 2683 2603 2876 2669; x_wconf 84' lang='lat' dir='ltr'>altero</span> <span class='ocrx_word' id='word_1_188' title='bbox 2910 2604 3135 2669; x_wconf 87' lang='lat' dir='ltr'>similis</span> 
     </span>
    </p>
   </div>
   <div class='ocr_carea' id='block_1_9' title="bbox 568 2705 2761 2850">
    <p class='ocr_par' dir='ltr' id='par_1_10' title="bbox 568 2705 2761 2850">
     <span class='ocr_line' id='line_1_22' title="bbox 568 2705 2761 2850; baseline 0 -53"><span class='ocrx_word' id='word_1_189' title='bbox 568 2735 791 2797; x_wconf 76' lang='lat' dir='ltr'>numini</span> <span class='ocrx_word' id='word_1_190' title='bbox 838 2734 1209 2815; x_wconf 80' lang='lat' dir='ltr'>fragmento,</span> <span class='ocrx_word' id='word_1_191' title='bbox 1258 2730 1321 2794; x_wconf 91' lang='lat' dir='ltr'>in</span> <span class='ocrx_word' id='word_1_192' title='bbox 1366 2752 1486 2815; x_wconf 91' lang='lat' dir='ltr'>quo</span> <span class='ocrx_word' id='word_1_193' title='bbox 1534 2740 1626 2796; x_wconf 89' lang='lat' dir='ltr'>est</span> <span class='ocrx_word' id='word_1_194' title='bbox 1671 2738 1723 2803; x_wconf 93' lang='grc' dir='ltr'>Α</span> <span class='ocrx_word' id='word_1_195' title='bbox 1773 2739 1831 2794; x_wconf 90' lang='lat' dir='ltr'>et</span> <span class='ocrx_word' id='word_1_196' title='bbox 1879 2729 2054 2796; x_wconf 87' lang='lat' dir='ltr'>trium</span> <span class='ocrx_word' id='word_1_197' title='bbox 2104 2733 2391 2797; x_wconf 87' lang='lat' dir='ltr'>librarum</span> <span class='ocrx_word' id='word_1_198' title='bbox 2443 2739 2583 2797; x_wconf 87' lang='lat' dir='ltr'>nola</span> <span class='ocrx_word' id='word_1_199' title='bbox 2637 2705 2761 2850; x_wconf 50' lang='lat' dir='ltr'>[Al.</span> 
     </span>
    </p>
   </div>
   <div class='ocr_carea' id='block_1_10' title="bbox 476 2843 3130 4744">
    <p class='ocr_par' dir='ltr' id='par_1_11' title="bbox 562 2843 3126 3184">
     <span class='ocr_line' id='line_1_23' title="bbox 645 2843 3126 2980; baseline 0 -22"><span class='ocrx_word' id='word_1_200' title='bbox 645 2897 705 2978; x_wconf 88' lang='lat' dir='ltr'>c)</span> <span class='ocrx_word' id='word_1_201' title='bbox 756 2894 945 2960; x_wconf 89' lang='lat' dir='ltr'>Uncia</span> <span class='ocrx_word' id='word_1_202' title='bbox 988 2893 1145 2959; x_wconf 89' lang='lat' dir='ltr'>aeris</span> <span class='ocrx_word' id='word_1_203' title='bbox 1194 2893 1396 2976; x_wconf 82' lang='lat' dir='ltr'>gravis</span> <span class='ocrx_word' id='word_1_204' title='bbox 1442 2893 1503 2957; x_wconf 93' lang='lat' dir='ltr'>in</span> <span class='ocrx_word' id='word_1_205' title='bbox 1552 2914 1698 2976; x_wconf 83' lang='lat' dir='ltr'>agro</span> <span class='ocrx_word' id='word_1_206' title='bbox 1745 2843 2162 2978; x_wconf 81' lang='lat' dir='ltr'>tarquiniense</span> <span class='ocrx_word' id='word_1_207' title='bbox 2197 2915 2390 2980; x_wconf 86' lang='lat' dir='ltr'>nuper</span> <span class='ocrx_word' id='word_1_208' title='bbox 2421 2893 2669 2970; x_wconf 85' lang='lat' dir='ltr'>effossa</span> <span class='ocrx_word' id='word_1_209' title='bbox 2707 2897 2908 2961; x_wconf 85' lang='lat' dir='ltr'>serens</span> <span class='ocrx_word' id='word_1_210' title='bbox 2958 2902 3009 2967; x_wconf 93' lang='grc' dir='ltr'>Α</span> <span class='ocrx_word' id='word_1_211' title='bbox 3061 2895 3126 2958; x_wconf 91' lang='lat' dir='ltr'>in</span> 
     </span>
     <span class='ocr_line' id='line_1_24' title="bbox 562 2995 2994 3082; baseline -0.001 -19"><span class='ocrx_word' id='word_1_212' title='bbox 562 2999 763 3063; x_wconf 78' lang='lat' dir='ltr'>antica</span> <span class='ocrx_word' id='word_1_213' title='bbox 808 3009 865 3062; x_wconf 88' lang='lat' dir='ltr'>et</span> <span class='ocrx_word' id='word_1_214' title='bbox 909 2999 1174 3062; x_wconf 88' lang='lat' dir='ltr'>lunulam</span> <span class='ocrx_word' id='word_1_215' title='bbox 1223 2996 1282 3060; x_wconf 91' lang='lat' dir='ltr'>in</span> <span class='ocrx_word' id='word_1_216' title='bbox 1335 2999 1596 3082; x_wconf 84' lang='lat' dir='ltr'>postica,</span> <span class='ocrx_word' id='word_1_217' title='bbox 1646 3018 1778 3060; x_wconf 88' lang='lat' dir='ltr'>cum</span> <span class='ocrx_word' id='word_1_218' title='bbox 1827 3005 1970 3061; x_wconf 85' lang='lat' dir='ltr'>nota</span> <span class='ocrx_word' id='word_1_219' title='bbox 2014 2995 2260 3067; x_wconf 87' lang='lat' dir='ltr'>unciae.</span> <span class='ocrx_word' id='word_1_220' title='bbox 2310 2999 2577 3081; x_wconf 82' lang='lat' dir='ltr'>pondere</span> <span class='ocrx_word' id='word_1_221' title='bbox 2626 3020 2713 3082; x_wconf 86' lang='lat' dir='ltr'>gr.</span> <span class='ocrx_word' id='word_1_222' title='bbox 2763 3004 2994 3072; x_wconf 72' lang='lat'><strong>23‚00.</strong></span> 
     </span>
     <span class='ocr_line' id='line_1_25' title="bbox 645 3098 2724 3184; baseline 0.002 -23"><span class='ocrx_word' id='word_1_223' title='bbox 645 3104 711 3184; x_wconf 83' lang='lat' dir='ltr'>d)</span> <span class='ocrx_word' id='word_1_224' title='bbox 763 3108 812 3170; x_wconf 88' lang='grc' dir='ltr'>Α</span> <span class='ocrx_word' id='word_1_225' title='bbox 857 3099 915 3162; x_wconf 90' lang='lat' dir='ltr'>in</span> <span class='ocrx_word' id='word_1_226' title='bbox 964 3098 1198 3176; x_wconf 87' lang='lat' dir='ltr'>antica,</span> <span class='ocrx_word' id='word_1_227' title='bbox 1243 3098 1306 3162; x_wconf 90' lang='lat' dir='ltr'>in</span> <span class='ocrx_word' id='word_1_228' title='bbox 1352 3099 1585 3184; x_wconf 86' lang='lat' dir='ltr'>postica</span> <span class='ocrx_word' id='word_1_229' title='bbox 1635 3119 1779 3162; x_wconf 89' lang='lat' dir='ltr'>vero</span> <span class='ocrx_word' id='word_1_230' title='bbox 1826 3119 1967 3164; x_wconf 83' lang='lat' dir='ltr'>area</span> <span class='ocrx_word' id='word_1_231' title='bbox 2017 3119 2207 3164; x_wconf 88' lang='lat' dir='ltr'>vacua</span> <span class='ocrx_word' id='word_1_232' title='bbox 2254 3099 2343 3163; x_wconf 85' lang='lat' dir='ltr'>vel</span> <span class='ocrx_word' id='word_1_233' title='bbox 2393 3102 2724 3166; x_wconf 87' lang='lat' dir='ltr'>caduceus.</span> 
     </span>
    </p>

    <p class='ocr_par' dir='ltr' id='par_1_12' title="bbox 560 3197 3130 3596">
     <span class='ocr_line' id='line_1_26' title="bbox 732 3197 3130 3288; baseline 0.001 -24"><span class='ocrx_word' id='word_1_234' title='bbox 732 3197 921 3267; x_wconf 71' lang='lat' dir='ltr'>Unc&#39;ia</span> <span class='ocrx_word' id='word_1_235' title='bbox 964 3210 1059 3267; x_wconf 87' lang='lat' dir='ltr'>est</span> <span class='ocrx_word' id='word_1_236' title='bbox 1103 3201 1265 3266; x_wconf 86' lang='lat' dir='ltr'>aeris</span> <span class='ocrx_word' id='word_1_237' title='bbox 1312 3205 1543 3284; x_wconf 84' lang='lat' dir='ltr'>gravis,</span> <span class='ocrx_word' id='word_1_238' title='bbox 1591 3200 1756 3264; x_wconf 87' lang='lat' dir='ltr'>edita</span> <span class='ocrx_word' id='word_1_239' title='bbox 1790 3222 1822 3265; x_wconf 91' lang='lat' dir='ltr'>a</span> <span class='ocrx_word' id='word_1_240' title='bbox 1855 3201 2124 3266; x_wconf 81' lang='lat' dir='ltr'>Marchio</span> <span class='ocrx_word' id='word_1_241' title='bbox 2162 3201 2320 3265; x_wconf 91' lang='lat' dir='ltr'>inter</span> <span class='ocrx_word' id='word_1_242' title='bbox 2351 3201 2604 3267; x_wconf 88' lang='lat' dir='ltr'>incerta.</span> <span class='ocrx_word' id='word_1_243' title='bbox 2652 3205 2804 3268; x_wconf 86' lang='lat' dir='ltr'>Cum</span> <span class='ocrx_word' id='word_1_244' title='bbox 2839 3225 2911 3268; x_wconf 81' lang='lat' dir='ltr'>ex</span> <span class='ocrx_word' id='word_1_245' title='bbox 2946 3204 3130 3288; x_wconf 83' lang='lat' dir='ltr'>aquis</span> 
     </span>
     <span class='ocr_line' id='line_1_27' title="bbox 566 3303 3129 3391; baseline 0 -22"><span class='ocrx_word' id='word_1_246' title='bbox 566 3304 977 3371; x_wconf 85' lang='lat' dir='ltr'>vicarellianis</span> <span class='ocrx_word' id='word_1_247' title='bbox 1023 3303 1185 3370; x_wconf 86' lang='lat' dir='ltr'>allati</span> <span class='ocrx_word' id='word_1_248' title='bbox 1234 3303 1409 3370; x_wconf 87' lang='lat' dir='ltr'>nobis</span> <span class='ocrx_word' id='word_1_249' title='bbox 1456 3306 1575 3368; x_wconf 89' lang='lat' dir='ltr'>sint</span> <span class='ocrx_word' id='word_1_250' title='bbox 1620 3303 1971 3368; x_wconf 86' lang='lat' dir='ltr'>huiusmodi</span> <span class='ocrx_word' id='word_1_251' title='bbox 2020 3303 2244 3367; x_wconf 80' lang='lat' dir='ltr'>nummi</span> <span class='ocrx_word' id='word_1_252' title='bbox 2296 3308 2574 3390; x_wconf 84' lang='lat' dir='ltr'>exempla</span> <span class='ocrx_word' id='word_1_253' title='bbox 2618 3306 3083 3391; x_wconf 88' lang='lat' dir='ltr'>quatuordecim</span> <span class='ocrx_word' id='word_1_254' title='bbox 3116 3360 3129 3382; x_wconf 90' lang='lat'><em>,</em></span> 
     </span>
     <span class='ocr_line' id='line_1_28' title="bbox 562 3406 3126 3494; baseline 0 -22"><span class='ocrx_word' id='word_1_255' title='bbox 562 3419 620 3473; x_wconf 89' lang='lat' dir='ltr'>et</span> <span class='ocrx_word' id='word_1_256' title='bbox 665 3429 800 3472; x_wconf 88' lang='lat' dir='ltr'>cum</span> <span class='ocrx_word' id='word_1_257' title='bbox 849 3411 1115 3473; x_wconf 86' lang='lat' dir='ltr'>caduceo</span> <span class='ocrx_word' id='word_1_258' title='bbox 1162 3408 1219 3470; x_wconf 90' lang='lat' dir='ltr'>in</span> <span class='ocrx_word' id='word_1_259' title='bbox 1270 3409 1497 3492; x_wconf 81' lang='lat' dir='ltr'>postica</span> <span class='ocrx_word' id='word_1_260' title='bbox 1544 3406 1755 3488; x_wconf 81' lang='lat' dir='ltr'>viginti</span> <span class='ocrx_word' id='word_1_261' title='bbox 1805 3414 2064 3492; x_wconf 85' lang='lat' dir='ltr'>septem,</span> <span class='ocrx_word' id='word_1_262' title='bbox 2117 3406 2289 3472; x_wconf 80' lang='lat' dir='ltr'>facile</span> <span class='ocrx_word' id='word_1_263' title='bbox 2328 3407 2586 3473; x_wconf 86' lang='lat' dir='ltr'>inducor</span> <span class='ocrx_word' id='word_1_264' title='bbox 2621 3416 2688 3474; x_wconf 92' lang='lat' dir='ltr'>ut</span> <span class='ocrx_word' id='word_1_265' title='bbox 2724 3408 2834 3474; x_wconf 86' lang='lat' dir='ltr'>hos</span> <span class='ocrx_word' id='word_1_266' title='bbox 2878 3429 3126 3494; x_wconf 89' lang='lat' dir='ltr'>quoque</span> 
     </span>
     <span class='ocr_line' id='line_1_29' title="bbox 560 3509 2816 3596; baseline -0.002 -18"><span class='ocrx_word' id='word_1_267' title='bbox 560 3514 635 3577; x_wconf 86' lang='lat' dir='ltr'>ad</span> <span class='ocrx_word' id='word_1_268' title='bbox 683 3532 785 3578; x_wconf 82' lang='lat' dir='ltr'>aes</span> <span class='ocrx_word' id='word_1_269' title='bbox 831 3509 1276 3596; x_wconf 86' lang='lat' dir='ltr'>Tarquiniense</span> <span class='ocrx_word' id='word_1_270' title='bbox 1322 3511 1611 3574; x_wconf 77' lang='lat' dir='ltr'>reseram:</span> <span class='ocrx_word' id='word_1_271' title='bbox 1661 3511 1926 3594; x_wconf 87' lang='lat' dir='ltr'>pendere</span> <span class='ocrx_word' id='word_1_272' title='bbox 1974 3518 2173 3573; x_wconf 84' lang='lat' dir='ltr'>autem</span> <span class='ocrx_word' id='word_1_273' title='bbox 2221 3511 2414 3574; x_wconf 87' lang='lat' dir='ltr'>solent</span> <span class='ocrx_word' id='word_1_274' title='bbox 2462 3530 2548 3592; x_wconf 85' lang='lat' dir='ltr'>gr.</span> <span class='ocrx_word' id='word_1_275' title='bbox 2602 3515 2816 3584; x_wconf 73' lang='lat'><strong>⁴7,50.</strong></span> 
     </span>
    </p>

    <p class='ocr_par' dir='ltr' id='par_1_13' title="bbox 476 3611 3126 4744">
     <span class='ocr_line' id='line_1_30' title="bbox 480 3611 1760 3698; baseline -0.002 -19"><span class='ocrx_word' id='word_1_276' title='bbox 480 3620 577 3679; x_wconf 71' lang='lat' dir='ltr'>bt.</span> <span class='ocrx_word' id='word_1_277' title='bbox 628 3617 692 3694; x_wconf 81' lang='lat' dir='ltr'>a)</span> <span class='ocrx_word' id='word_1_278' title='bbox 753 3617 821 3687; x_wconf 63' lang='lat' dir='ltr'>Vt</span> <span class='ocrx_word' id='word_1_279' title='bbox 876 3613 936 3676; x_wconf 89' lang='lat' dir='ltr'>in</span> <span class='ocrx_word' id='word_1_280' title='bbox 985 3613 1217 3687; x_wconf 86' lang='lat' dir='ltr'>antica,</span> <span class='ocrx_word' id='word_1_281' title='bbox 1268 3615 1343 3681; x_wconf 88' lang='grc' dir='ltr'>ΛΛ</span> <span class='ocrx_word' id='word_1_282' title='bbox 1398 3611 1457 3676; x_wconf 88' lang='lat' dir='ltr'>in</span> <span class='ocrx_word' id='word_1_283' title='bbox 1508 3615 1760 3698; x_wconf 81' lang='lat' dir='ltr'>postica.</span> 
     </span>
     <span class='ocr_line' id='line_1_31' title="bbox 811 3712 1660 3800; baseline -0.002 -20"><span class='ocrx_word' id='word_1_284' title='bbox 811 3718 1006 3800; x_wconf 87' lang='lat' dir='ltr'>Caput</span> <span class='ocrx_word' id='word_1_285' title='bbox 1051 3714 1287 3780; x_wconf 88' lang='lat' dir='ltr'>suinum</span> <span class='ocrx_word' id='word_1_286' title='bbox 1333 3712 1394 3779; x_wconf 87' lang='lat' dir='ltr'>in</span> <span class='ocrx_word' id='word_1_287' title='bbox 1441 3714 1660 3778; x_wconf 84' lang='lat' dir='ltr'>antica.</span> 
     </span>
     <span class='ocr_line' id='line_1_32' title="bbox 728 3816 2880 3904; baseline 0 -22"><span class='ocrx_word' id='word_1_288' title='bbox 728 3821 888 3884; x_wconf 85' lang='lat' dir='ltr'>ldem</span> <span class='ocrx_word' id='word_1_289' title='bbox 936 3826 1112 3904; x_wconf 81' lang='lat' dir='ltr'>typus</span> <span class='ocrx_word' id='word_1_290' title='bbox 1156 3816 1217 3881; x_wconf 92' lang='lat' dir='ltr'>in</span> <span class='ocrx_word' id='word_1_291' title='bbox 1265 3819 1531 3902; x_wconf 81' lang='lat' dir='ltr'>postica,</span> <span class='ocrx_word' id='word_1_292' title='bbox 1580 3824 1640 3882; x_wconf 90' lang='lat' dir='ltr'>et</span> <span class='ocrx_word' id='word_1_293' title='bbox 1683 3825 1822 3881; x_wconf 84' lang='lat' dir='ltr'>nota</span> <span class='ocrx_word' id='word_1_294' title='bbox 1870 3816 2164 3882; x_wconf 83' lang='lat' dir='ltr'>sextantis</span> <span class='ocrx_word' id='word_1_295' title='bbox 2215 3841 2319 3891; x_wconf 71' lang='lat'>00:</span> <span class='ocrx_word' id='word_1_296' title='bbox 2371 3821 2595 3902; x_wconf 85' lang='lat' dir='ltr'>pendet</span> <span class='ocrx_word' id='word_1_297' title='bbox 2641 3838 2731 3902; x_wconf 87' lang='lat' dir='ltr'>gr.</span> <span class='ocrx_word' id='word_1_298' title='bbox 2785 3826 2880 3883; x_wconf 78' lang='lat'>56.</span> 
     </span>
     <span class='ocr_line' id='line_1_33' title="bbox 647 3918 1812 4007; baseline -0.002 -21"><span class='ocrx_word' id='word_1_299' title='bbox 647 3925 709 4006; x_wconf 81' lang='lat' dir='ltr'>b)</span> <span class='ocrx_word' id='word_1_300' title='bbox 761 3931 829 3995; x_wconf 63' lang='lat' dir='ltr'>Vt</span> <span class='ocrx_word' id='word_1_301' title='bbox 880 3941 1096 4007; x_wconf 86' lang='lat' dir='ltr'>supra,</span> <span class='ocrx_word' id='word_1_302' title='bbox 1152 3926 1206 3991; x_wconf 84' lang='grc' dir='ltr'>Μ</span> <span class='ocrx_word' id='word_1_303' title='bbox 1260 3919 1440 3995; x_wconf 82' lang='lat' dir='ltr'>infra,</span> <span class='ocrx_word' id='word_1_304' title='bbox 1489 3920 1546 3984; x_wconf 90' lang='lat' dir='ltr'>in</span> <span class='ocrx_word' id='word_1_305' title='bbox 1594 3918 1812 3985; x_wconf 85' lang='lat' dir='ltr'>antica.</span> 
     </span>
     <span class='ocr_line' id='line_1_34' title="bbox 809 4021 1909 4090; baseline -0.004 -2"><span class='ocrx_word' id='word_1_306' title='bbox 809 4026 1074 4090; x_wconf 89' lang='lat' dir='ltr'>Granum</span> <span class='ocrx_word' id='word_1_307' title='bbox 1122 4023 1331 4088; x_wconf 87' lang='lat' dir='ltr'>bordei</span> <span class='ocrx_word' id='word_1_308' title='bbox 1379 4031 1439 4087; x_wconf 93' lang='lat' dir='ltr'>et</span> <span class='ocrx_word' id='word_1_309' title='bbox 1484 4032 1626 4088; x_wconf 87' lang='lat' dir='ltr'>nota</span> <span class='ocrx_word' id='word_1_310' title='bbox 1671 4021 1909 4086; x_wconf 89' lang='lat' dir='ltr'>unciae.</span> 
     </span>
     <span class='ocr_line' id='line_1_35' title="bbox 812 4126 1337 4213; baseline 0 -23"><span class='ocrx_word' id='word_1_311' title='bbox 812 4129 877 4191; x_wconf 91' lang='lat' dir='ltr'>ln</span> <span class='ocrx_word' id='word_1_312' title='bbox 923 4126 1160 4213; x_wconf 82' lang='lat' dir='ltr'>postica</span> <span class='ocrx_word' id='word_1_313' title='bbox 1207 4126 1337 4191; x_wconf 78' lang='lat' dir='ltr'>ssos,</span> 
     </span>
     <span class='ocr_line' id='line_1_36' title="bbox 722 4230 3126 4315; baseline 0.002 -21"><span class='ocrx_word' id='word_1_314' title='bbox 722 4232 948 4296; x_wconf 83' lang='lat' dir='ltr'>Pendet</span> <span class='ocrx_word' id='word_1_315' title='bbox 991 4251 1078 4314; x_wconf 86' lang='lat' dir='ltr'>gr.</span> <span class='ocrx_word' id='word_1_316' title='bbox 1126 4234 1229 4293; x_wconf 70' lang='lat'>28.</span> <span class='ocrx_word' id='word_1_317' title='bbox 1298 4231 1560 4315; x_wconf 89' lang='lat' dir='ltr'>Uterque</span> <span class='ocrx_word' id='word_1_318' title='bbox 1623 4250 1901 4295; x_wconf 87' lang='lat' dir='ltr'>nummus</span> <span class='ocrx_word' id='word_1_319' title='bbox 1960 4231 2119 4294; x_wconf 87' lang='lat' dir='ltr'>aeris</span> <span class='ocrx_word' id='word_1_320' title='bbox 2177 4230 2378 4311; x_wconf 86' lang='lat' dir='ltr'>gravis</span> <span class='ocrx_word' id='word_1_321' title='bbox 2435 4238 2523 4294; x_wconf 87' lang='lat' dir='ltr'>est</span> <span class='ocrx_word' id='word_1_322' title='bbox 2567 4230 2628 4296; x_wconf 88' lang='lat' dir='ltr'>in</span> <span class='ocrx_word' id='word_1_323' title='bbox 2678 4232 3126 4310; x_wconf 84' lang='lat' dir='ltr'>Kircberiano;</span> 
     </span>
     <span class='ocr_line' id='line_1_37' title="bbox 553 4335 1108 4418; baseline -0.007 -17"><span class='ocrx_word' id='word_1_324' title='bbox 553 4337 729 4401; x_wconf 87' lang='lat' dir='ltr'>sedes</span> <span class='ocrx_word' id='word_1_325' title='bbox 774 4335 1108 4418; x_wconf 84' lang='lat' dir='ltr'>ignoratur.</span> 
     </span>
     <span class='ocr_line' id='line_1_38' title="bbox 476 4437 1177 4524; baseline -0.004 -20"><span class='ocrx_word' id='word_1_326' title='bbox 476 4447 567 4504; x_wconf 67' lang='lat'>52.</span> <span class='ocrx_word' id='word_1_327' title='bbox 620 4446 769 4513; x_wconf 74' lang='lat' dir='ltr'>SM:</span> <span class='ocrx_word' id='word_1_328' title='bbox 814 4439 872 4504; x_wconf 92' lang='lat' dir='ltr'>in</span> <span class='ocrx_word' id='word_1_329' title='bbox 920 4437 1177 4524; x_wconf 85' lang='lat' dir='ltr'>postica.</span> 
     </span>
     <span class='ocr_line' id='line_1_39' title="bbox 806 4541 1733 4626; baseline -0.003 -19"><span class='ocrx_word' id='word_1_330' title='bbox 806 4544 1159 4626; x_wconf 77' lang='lat' dir='ltr'>Astragalus</span> <span class='ocrx_word' id='word_1_331' title='bbox 1205 4549 1266 4605; x_wconf 86' lang='lat' dir='ltr'>et</span> <span class='ocrx_word' id='word_1_332' title='bbox 1312 4549 1451 4606; x_wconf 85' lang='lat' dir='ltr'>nota</span> <span class='ocrx_word' id='word_1_333' title='bbox 1498 4541 1733 4607; x_wconf 88' lang='lat' dir='ltr'>unciae.</span> 
     </span>
     <span class='ocr_line' id='line_1_40' title="bbox 809 4643 1614 4744; baseline -0.001 -35"><span class='ocrx_word' id='word_1_334' title='bbox 809 4648 881 4724; x_wconf 27' lang='lat' dir='ltr'>ln·</span> <span class='ocrx_word' id='word_1_335' title='bbox 918 4645 1150 4744; x_wconf 83' lang='lat' dir='ltr'>postica</span> <span class='ocrx_word' id='word_1_336' title='bbox 1197 4643 1406 4712; x_wconf 88' lang='lat' dir='ltr'>unciae</span> <span class='ocrx_word' id='word_1_337' title='bbox 1455 4653 1614 4710; x_wconf 87' lang='lat' dir='ltr'>nota.</span> 
     </span>
    </p>
   </div>
   <div class='ocr_carea' id='block_1_11' title="bbox 3423 3972 3430 5029">
    <p class='ocr_par' dir='ltr' id='par_1_14' title="bbox 3423 3972 3430 5029">
     <span class='ocr_line' id='line_1_41' title="bbox 3423 3972 3430 5029; baseline 0 0"><span class='ocrx_word' id='word_1_338' title='bbox 3423 3972 3430 5029; x_wconf 95' lang='lat' dir='ltr'> </span> 
     </span>
    </p>
   </div>
  </div>
 </body>
</html>
