3440 5114
2784 275 2886 332 655

213 397 448 464 Nummi
495 405 635 461 ante
668 404 728 461 et
759 405 895 480 post
939 417 1037 462 an.
1082 402 1202 462 537
1250 400 1310 462 in
1355 398 1532 464 Italia
1564 418 1598 462 a
1630 397 1919 463 Romanis
1965 396 2116 473 nati,
2153 399 2306 472 cusi,
2351 399 2509 483 typis
2553 398 2768 481 partim
2807 400 2951 474 suiS,

296 485 514 568 partim
559 482 874 548 civitatum
918 484 1352 559 subiectarum,
1388 492 1447 549 et
1494 485 1704 547 litteris
1755 491 1801 555 Ι,
1830 489 1957 558 ΤΙὶ,
1999 489 2100 554 ισΤ
2134 489 2421 556 ROMA,
2455 482 2712 568 aliisque
2750 503 2810 565 p.
2847 487 2948 545 53.

216 568 450 632 Nummi
502 567 643 643 ssati,
688 570 966 651 percussi
1014 570 1073 630 in
1122 572 1300 632 terris
1348 568 1707 634 Sabinorum
1758 577 1819 633 et
1861 569 2274 646 Etruscorum,
2321 587 2488 632 mare
2534 568 2691 633 inter
2735 575 2797 630 et
2837 569 2948 632 Ti-

297 653 509 727 berim,
558 654 826 734 itemque
873 655 929 715 in
979 654 1158 717 terris
1204 654 1553 718 Latinorum
1602 674 1656 736 p.
1707 659 1805 717 56.

216 737 451 801 Nummi
498 736 865 820 Campaniae
914 737 1100 802 latine
1144 737 1422 823 inscripti
1471 761 1528 823 p.
1576 743 1675 800 59.

214 821 429 895 Melies,
478 821 703 888 nummi
750 820 1121 887 coloniarum
1170 823 1486 887 latinarum
1534 823 1593 886 in
1641 822 1886 887 Samnio
1934 843 1989 905 p.
2035 826 2137 885 64.

217 906 454 970 Nummi
501 907 934 971 Paestanorum
981 929 1035 991 p.
1086 911 1187 970 64.

218 992 452 1056 Nummi
501 990 646 1067 flati,
694 989 846 1068 cusi,
893 994 952 1054 in
1004 992 1175 1055 ltalia
1221 992 1691 1077 transapennina
1737 1012 1797 1075 p.
1843 992 1944 1053 70.

216 1077 455 1141 Nummi
502 1077 561 1139 in
610 1074 830 1158 Apulia
869 1074 1008 1148 ssati,
1057 1076 1184 1142 cusi
1230 1098 1289 1160 p.
1336 1080 1436 1141 76.

218 1162 451 1228 Nummi
498 1160 557 1223 in
605 1159 957 1233 SalentiniS‚
1002 1160 1059 1225 in
1108 1162 1369 1226 Lucanis
1415 1168 1477 1226 et
1520 1168 1691 1226 extra
1737 1158 1974 1223 Italiam
2020 1177 2058 1223 a
2102 1159 2389 1223 Romanis
2435 1159 2566 1223 cusi
2615 1179 2671 1243 p.
2722 1163 2821 1221 82.

213 1247 450 1311 Nummi
498 1244 862 1308 familiarum
909 1265 1290 1311 romanarum
1336 1247 1568 1310 Romae
1615 1253 1674 1309 et
1720 1251 1891 1309 extra
1936 1244 2065 1307 cusi
2114 1248 2215 1309 85.

382 1330 685 1494 Secunda)
726 1330 1010 1413 periodus
1054 1332 1130 1395 ab
1178 1352 1231 1396 a.
1284 1333 1568 1396 537-560
1622 1330 1907 1414 (primam
1954 1328 2271 1412 periodum
2318 1348 2374 1392 a.
2426 1328 2708 1392 486-537
2756 1325 2949 1390 habes

383 1498 593 1562 Tertia
639 1498 930 1581 periodus
977 1519 1032 1563 a.
1080 1503 1370 1563 560-580
1417 1521 1470 1584 ρ.
1526 1505 1627 1564 89.

389 1583 628 1661 Quarta
672 1584 959 1665 periodus
1004 1604 1055 1648 a.
1105 1588 1392 1648 580-640
1439 1605 1494 1668 p.
1543 1589 1643 1648 94.

383 1667 613 1745 Quinta
660 1668 946 1751 periodus
993 1688 1045 1733 a.
1094 1671 1378 1732 640-630
1425 1690 1484 1753 p.
1530 1672 1632 1731 93.

388 1750 572 1816 Sexta
616 1751 907 1835 periodus
954 1770 1006 1816 a.
1052 1757 1337 1817 630-640
1384 1774 1441 1837 p.
1492 1756 1594 1815 96.

384 1837 656 1921 Septima
698 1836 985 1922 periodus
1032 1856 1085 1901 a.
1132 1842 1421 1901 oto-650
1466 1856 1524 1920 p.
1571 1838 1672 1899 97.

385 1922 615 1986 Octava
640 1919 923 2003 periodus
948 1941 998 1985 a.
1028 1924 1314 1985 650-670
1343 1922 1441 2005 (ab
1468 1941 1523 1984 a.
1544 1925 1665 1984 662
1691 1920 1913 1984 nummi
1941 1919 2158 1983 serrati
2175 1917 2314 1982 cudi
2331 1918 2528 2001 coepti
2546 1919 2704 1999 sunt)
2733 1937 2788 1999 p.
2812 1919 2951 1979 400.

216 2008 449 2071 Bellum
497 2006 724 2070 sociale
771 2025 823 2068 a.
872 2008 1162 2071 664-672
1208 2027 1265 2092 p.
1318 2011 1459 2071 405.

218 2091 456 2156 Nummi
503 2110 539 2155 a
585 2090 756 2153 Sulla
801 2092 932 2153 cusi
980 2108 1031 2153 a.
1081 2094 1373 2155 666-673
1421 2112 1477 2175 p.
1528 2093 1669 2153 407.

219 2176 454 2240 Nummi
504 2175 1151 2239 Montecodruzzenses
1197 2175 1420 2239 defossi
1467 2195 1518 2238 a.
1567 2177 1688 2237 673
1728 2194 1783 2257 p.
1835 2177 1976 2238 407.

214 2261 453 2326 Nummi
498 2261 558 2322 in
604 2259 1050 2344 Transylvania
1095 2260 1317 2324 defossi
1364 2259 1531 2325 circa
1574 2278 1629 2321 a.
1678 2264 1800 2321 680
1848 2278 1906 2343 p.
1955 2261 2096 2322 444.

214 2344 453 2409 Nummi
501 2344 985 2409 Roncofreddani
1032 2351 1092 2408 et
1134 2344 1634 2408 Frascarolenses
1665 2340 1890 2408 defossi
1936 2363 1991 2406 a.
2029 2346 2276 2406 680-85
2313 2362 2367 2424 p.
2408 2344 2542 2415 442,
2576 2339 2634 2400 in
2669 2338 2953 2401 thesauro

302 2428 603 2493 Cadriano
651 2436 792 2492 ante
839 2448 891 2493 a.
940 2430 1062 2493 704
1111 2429 1202 2493 vel
1250 2431 1374 2493 705
1422 2452 1480 2514 p.
1532 2433 1673 2491 443.

215 2512 460 2579 Nummi
506 2514 638 2579 cusi
684 2514 759 2578 ab
806 2534 863 2578 a.
909 2515 1033 2577 705
1080 2514 1156 2578 ad
1202 2517 1315 2578 744
1374 2534 1434 2598 p.
1488 2518 1630 2578 422.

214 2600 453 2664 Nummi
498 2601 626 2662 cusi
672 2600 732 2661 in
778 2597 1094 2684 provincia
1138 2619 1174 2663 a
1218 2597 1671 2683 magistratibus
1716 2597 1980 2662 romanis
2030 2619 2084 2681 p.
2135 2600 2276 2674 433,
2323 2594 2662 2679 Cistopbori
2710 2613 2764 2676 p.
2816 2596 2953 2666 435,

300 2686 358 2747 in
407 2683 617 2750 Sicilia
661 2687 789 2748 cusi
838 2704 894 2768 p.
945 2689 1082 2748 435.

210 2770 449 2835 Nummi
497 2769 659 2833 sedis
705 2771 973 2833 incertae
1018 2788 1077 2853 p.
1129 2772 1249 2832 438

1107 2917 1396 3008 8γ113966
1443 2935 1597 3006 pars
1641 2915 2079 3005 epigraphica.

215 3058 649 3141 [ascriptiones
711 3057 943 3122 saeculi
1012 3058 1273 3120 maxime
1338 3055 1528 3139 quinti
1574 3063 1634 3120 et
1677 3052 1831 3119 sexti
1873 3073 1930 3137 p.
1982 3057 2120 3116 440.
2169 3052 2383 3116 Insunt
2427 3051 2647 3135 pocula
2693 3056 2958 3114 testacea

299 3163 359 3226 p.
394 3147 536 3218 ⁴42,
582 3143 845 3224 strigiles
893 3163 949 3226 p.
994 3145 1134 3213 452,
1175 3143 1362 3205 cistae
1407 3143 1536 3205 sive
1580 3159 1757 3204 arcae
1801 3139 2122 3203 balneares
2154 3159 2209 3221 p.
2250 3141 2390 3213 453,
2427 3136 2678 3221 specula
2723 3156 2778 3217 p.
2818 3138 2955 3210 158,

299 3246 575 3311 gemmae
621 3248 679 3312 p.
712 3230 854 3302 164,
904 3227 1163 3291 laminae
1209 3248 1265 3310 p.
1305 3231 1441 3299 464,
1491 3223 1725 3311 lapides
1763 3245 1820 3307 p.
1857 3225 2002 3298 173,
2029 3223 2214 3286 stelae
2261 3222 2683 3307 praenestinae
2724 3240 2778 3302 p.
2817 3222 2954 3291 478,

301 3311 455 3376 tituli
488 3311 855 3376 Faliscorum
889 3331 946 3394 p.
982 3316 1122 3386 494,
1156 3311 1405 3375 vascula
1429 3308 1823 3393 Capenatium
1849 3329 1909 3392 p.
1935 3311 2079 3380 200,
2103 3306 2292 3370 stelae
2315 3308 2705 3390 pisaurenses
2729 3324 2787 3386 p.
2807 3307 2951 3367 208.

210 3394 647 3480 Inscriptiones
694 3397 909 3459 aetatis
957 3404 1160 3461 certae
1206 3415 1242 3460 a
1288 3395 1535 3460 saeculo
1580 3392 1793 3478 quinto
1841 3392 1915 3456 ad
1963 3399 2241 3456 octavum
2287 3413 2342 3475 p.
2390 3393 2697 3454 240-345.
2746 3389 2958 3452 {nsunt

301 3480 551 3562 glandes
596 3481 855 3545 bellicae
901 3488 961 3543 et
1006 3487 1272 3546 tesserae
1318 3478 1738 3562 gladiatoriae.

209 3564 650 3649 Inscriptiones
675 3564 908 3648 aliquot
933 3573 1069 3649 post
1092 3565 1369 3630 Caesaris
1387 3572 1638 3628 mortem
1650 3563 1882 3649 positae
1906 3582 1959 3644 p.
1977 3564 2118 3635 320,
2135 3568 2194 3626 et
2210 3561 2407 3642 elogia
2419 3559 2715 3645 quaedam
2738 3579 2794 3642 p.
2813 3560 2954 3620 324.

208 3649 649 3734 Inscriptiones
695 3651 925 3714 saeculi
973 3652 1229 3726 maxime
1260 3647 1501 3733 septimi
1548 3649 1824 3730 digestae
1871 3665 1979 3730 per
2009 3646 2291 3728 regiones
2336 3646 2569 3718 Italiae,
2602 3645 2814 3710 lstriae
2859 3640 2954 3706 vel

213 3818 260 3884 S
303 3734 581 3883 carniae,
624 3734 851 3805 Norici,
899 3736 1250 3810 insularum,
1302 3735 1618 3805 Graeciae,
1668 3730 1929 3804 Galliae,
1975 3729 2304 3816 Hispaniae
2350 3749 2486 3816 pag.
2533 3733 2677 3797 323,

265 3819 369 3902 igil
396 3840 432 3885 a
522 3870 533 3881 .
585 3821 727 3882 544.

212 3839 515 3988 Supelleilt³
553 3904 724 3967 varia
768 3924 827 3987 p.
876 3907 1019 3967 548.

212 3985 720 4070 Anuli'gemmae
764 4008 823 4071 p.
872 3991 1015 4051 550.

214 4073 519 4137 Addenda
563 4081 623 4136 et
668 4072 1049 4138 emendanda
1095 4093 1154 4157 p.
1203 4078 1345 4137 553.

218 4158 410 4222 ludex
455 4156 888 4239 grammaticus
937 4179 991 4241 p.
1044 4162 1185 4221 565.

212 4242 409 4306 Index
448 4244 758 4307 nominum
806 4263 861 4325 p.
909 4246 1053 4306 604.

215 4327 407 4393 lndex
453 4329 787 4392 litterarum
835 4327 1229 4410 singularium
1275 4327 1333 4388 in
1382 4325 1620 4405 legibus
1667 4348 1724 4409 p.
1773 4329 1914 4401 634,
1964 4329 2024 4390 in
2073 4327 2322 4412 reliquis
2369 4326 2559 4397 titulis
2605 4347 2662 4412 p.
2711 4332 2849 4392 635.

214 4412 411 4477 Index
457 4411 817 4477 notabilium
863 4432 1062 4480 rerum
1112 4420 1173 4476 et
1219 4409 1530 4473 latinitatis
1578 4431 1635 4494 p.
1680 4415 1822 4474 639.
