3440 5114
2855 293 2886 350 5

274 417 563 481 Graecam
617 417 1116 481 consuetudinem
1169 416 1460 502 pingendi
1519 416 1890 501 posteriores
1945 422 2203 500 quatuor
2257 415 2453 479 lineas
2512 415 2715 500 priore
2771 416 2916 480 bre-

268 519 465 582 viores
516 525 604 589 tW
654 518 848 583 Latini
893 538 1013 583 non
1057 526 1374 605 usurpant.

436 624 528 701 Ν.
570 619 767 686 Huius
812 621 1050 685 litterae
1095 620 1375 706 obliquae
1421 628 1566 686 sunt
1610 619 1840 696 lineae,
1880 626 1939 684 et
1984 619 2061 685 ad
2108 620 2298 684 basim
2347 620 2673 697 demissae,
2711 629 2920 685 contra

271 743 343 787 ac
388 723 567 809 prisci
614 721 837 788 Graeci
884 726 1110 803 solent,
1156 722 1261 809 qui
1320 730 1657 809 postremas
1704 723 1856 787 duas
1914 724 2115 809 priore
2164 722 2426 810 pingunt
2470 722 2783 789 breviores
2837 724 2917 801 Ν,

276 826 559 891 Eleorum
608 827 831 892 lamina
876 836 1150 913 excepta.

444 936 537 1003 O,
578 933 652 1003 0.
696 930 907 995 Parem
949 931 1193 995 modulo
1229 929 1487 997 caeteris
1525 929 1769 1008 litteriS,
1798 929 1893 995 vel
1931 931 2334 995 contractiore
2368 929 2579 1009 forma,
2609 941 2684 1010 0,
2721 953 2759 991 0
2801 933 2928 1017 pin-

273 1039 420 1115 gunt
469 1034 660 1098 Latini
707 1041 770 1097 et
814 1034 1053 1099 Graeci.
1125 1033 1405 1099 Hiantem
1451 1033 1609 1100 infra
1667 1042 1766 1111 Ο,
1815 1037 1867 1096 0
1931 1035 2273 1098 dant‘stela
2319 1034 2450 1099 Ovii
2497 1037 2924 1120 praenestina,

275 1135 592 1219 speculum
625 1136 1079 1222 praenestinum
1115 1158 1314 1216 unum,
1348 1136 1601 1220 strigilis
1641 1157 1780 1216 una,
1812 1139 2003 1202 cistae
2035 1136 2210 1211 duae,
2246 1135 2381 1201 Ovii
2420 1123 2675 1201 artificis
2708 1139 2920 1202 aerarii

275 1238 561 1313 Medusa,
608 1261 805 1326 pauca
859 1243 1013 1315 alia,
1060 1243 1325 1326 itemque
1385 1242 1607 1306 nummi
1666 1260 1741 1305 ex
1798 1241 2172 1318 SuessaniS,
2222 1242 2490 1317 CaleniS,
2545 1240 2924 1319 AeserniniS,

276 1334 799 1425 Aquinatibus,‘in
833 1344 1055 1429 quibus
1098 1342 1274 1408 bians
1323 1344 1514 1407 forma
1556 1363 2008 1430 nonnunquam,
2055 1342 2335 1427 angulata
2370 1341 2616 1427 saepius
2647 1343 2928 1420 occurrit,

274 1464 458 1530 quam
507 1447 565 1509 in
612 1447 938 1532 lapidibus,

452 1557 528 1625 Π,
578 1554 667 1627 Ρ,
720 1558 782 1622 Ρ.
830 1550 977 1616 Tres
1023 1557 1162 1616 sunt
1206 1550 1652 1616 vetustissimae
1697 1550 1927 1615 formae
1972 1551 2150 1615 buius
2197 1549 2454 1629 litterae,
2491 1549 2597 1613 sed
2643 1549 2835 1635 prima
2871 1558 2931 1615 et

276 1653 456 1717 tertia
514 1652 714 1718 rarius
769 1654 1108 1735 adhibitae;
1155 1655 1427 1719 secunda
1481 1673 1604 1740 qua
1648 1655 1906 1736 angulus
1966 1653 2175 1719 dexter
2218 1659 2501 1719 curvatur
2544 1651 2607 1716 in
2666 1653 2930 1718 lunulam

277 1754 434 1820 infra
465 1755 728 1821 hiantem
762 1764 855 1821 est
885 1759 1251 1837 communis3
1283 1755 1539 1841 primum
1567 1763 1625 1819 et
1647 1758 1977 1840 secundum
2005 1777 2078 1838 pe
2109 1764 2381 1841 apertum
2414 1757 2612 1821 dicere
2647 1758 2929 1832 solemus,

275 1858 521 1923 tertium
566 1861 858 1924 clausum.
904 1861 1173 1926 Graecae
1222 1860 1444 1924 formae
1484 1859 1666 1924 buius
1715 1858 1996 1924 elementi
2035 1860 2289 1944 primum
2323 1883 2393 1942 pe
2426 1865 2651 1924 tantum
2699 1862 2935 1926 accedit

278 1963 443 2046 quod
493 1969 586 2025 est
636 1964 878 2044 angulis
941 1963 1116 2047 plane
1170 1963 1380 2039 rectis,
1427 1982 1582 2047 quae
1630 1964 1824 2027 forma
1882 1964 2157 2048 quamvis
2213 1964 2463 2047 reliquis
2510 1965 2833 2042 vetustior,
2881 1962 2933 2027 si

278 2065 576 2148 originem
622 2066 928 2151 alphabeti
976 2073 1248 2159 spect-aS,
1298 2067 1639 2131 necessario
1694 2066 1771 2129 sit
1816 2065 2126 2141 habenda,
2177 2086 2311 2131 raro
2358 2075 2553 2132 tamen
2602 2067 2933 2143 invenitur,

282 2186 398 2231 nec
457 2169 582 2231 fere
628 2167 743 2233 nisi
793 2169 853 2232 in
903 2168 1091 2233 titulis
1138 2188 1279 2234 aere
1324 2167 1562 2246 incisis,
1609 2177 1713 2234 aut
1770 2158 2136 2254 properante
2182 2189 2360 2234 manu
2407 2171 2721 2245 marmori,
2768 2169 2936 2235 ebori

277 2271 620 2355 insculptis.
670 2268 790 2348 Qui
837 2269 952 2335 hoc
999 2279 1352 2354 argumento
1398 2273 1713 2335 vetustatis
1758 2270 1845 2335 uti
1891 2272 2019 2335 vult
2059 2272 2134 2335 ad
2183 2271 2488 2336 titulorum
2535 2272 2935 2357 antiquiorem

278 2380 543 2437 aetatem
571 2373 964 2459 probandam,
983 2393 1097 2438 non
1124 2381 1287 2439 recte
1314 2358 1478 2439 facit.³
1503 2373 1570 2437 In
1597 2373 1732 2440 basi
1759 2374 2036 2439 subiecta
2057 2374 2316 2460 pedibus
2341 2374 2602 2438 Deorum
2629 2375 2937 2440 Penatium

280 2496 349 2540 se
399 2476 620 2557 legisse
672 2483 941 2549 ῠΕΝΑς
987 2475 1247 2542 affirmat
1282 2478 1746 2542 Alicarnasseus
1775 2477 2102 2563 Dionysius
2139 2478 2296 2562 (Ant.
2331 2477 2519 2553 Rom„
2553 2476 2621 2542 L.
2660 2483 2713 2553 l,
2752 2498 2804 2542 c.
2832 2481 2933 2563 68)

280 2600 481 2664 eoque
531 2580 824 2646 vocabulo
859 2584 1091 2645 Penates
1127 2589 1296 2666 putat
1327 2580 1722 2663 significatos,
1759 2583 1951 2667 posito
1984 2601 2201 2666 nempe
2233 2581 2309 2644 ab
2344 2581 2605 2666 antiquis
2634 2581 2856 2646 Latinis
2897 2587 2942 2655 D

281 2703 394 2767 pro
447 2690 512 2757 Ρ,
557 2705 693 2747 cum
741 2684 1100 2748 elementum
1136 2705 1205 2765 pe
1236 2685 1498 2749 nondum
1532 2689 1698 2748 esset
1727 2692 2056 2769 repertum:
2090 2686 2262 2746 Δοκεῖ
2291 2685 2405 2767 γάρ
2434 2707 2530 2760 μοι
2564 2688 2662 2746 τοῦ
2690 2708 2733 2745 π
2759 2685 2939 2760 μήπω

279 2785 633 2866 γράμματος
670 2785 966 2868 εὑρημένου
1010 2787 1099 2866 τῷ
1138 2785 1316 2848 δέλτα
1359 2786 1567 2849 δηλοῦν
1611 2787 1707 2849 τὴν
1743 2788 1942 2849 ἐκείνου
1989 2786 2222 2863 δύναμιν
2265 2787 2392 2857 τούς
2435 2786 2730 2859 παλαίους.
2776 2787 2942 2852 Haec

281 2889 576 2952 absurda.
635 2889 832 2954 Potuit
889 2897 1083 2954 tamen
1129 2890 1257 2955 fieri
1306 2910 1511 2954 errore
1558 2888 1758 2954 fabrili
1809 2896 1872 2953 ut
1918 2894 2180 2962 ῠΕΝΑς
2229 2910 2337 2973 pro
2391 2895 2653 2961 ΡΕΝΑς
2700 2891 2941 2954 scribe-

278 2999 456 3054 retur
500 2991 659 3055 sicut
702 2992 762 3054 in
806 2992 1054 3076 speculo
1102 2994 1492 3077 praenestino
1540 2989 1841 3064 (vomo
1889 3011 1997 3076 pro
2044 2997 2371 3064 (νΡΙῦΟ.
2422 2992 2544 3056 Nec
2593 2999 2790 3056 tamen
2827 2994 2941 3056 de-

280 3090 441 3156 liniri
487 3099 691 3177 potest
734 3094 881 3179 quid
926 3094 1030 3159 iuo
1076 3094 1370 3160 vocabulo
1417 3093 1817 3178 significatum
1865 3092 1981 3171 sit,
2043 3115 2177 3158 cum
2227 3101 2465 3160 constet
2510 3114 2626 3158 non
2676 3096 2947 3179 potuisse

282 3195 400 3260 hac
457 3204 655 3260 aetate
718 3198 898 3261 Penas
957 3200 1345 3279 grammatice
1392 3197 1577 3262 scribi
1625 3218 1735 3283 pro
1783 3200 2040 3261 Penates.
2104 3198 2400 3261 Auderem
2449 3196 2654 3261 dicere
2700 3197 2944 3262 Alicar-

281 3318 574 3364 nasseum
636 3298 720 3363 ibi
778 3302 1080 3365 invenisse
1143 3306 1470 3373 ῠΕΙνΑς,
1532 3299 1749 3364 obruta
1808 3297 1911 3363 aut
1969 3299 2043 3363 ab
2103 3319 2174 3362 eo
2216 3300 2510 3380 'neglecta
2554 3299 2751 3363 altera
2795 3319 2942 3364 voce

280 3422 337 3468 e.
387 3423 448 3485 g.
500 3407 964 3481 (ΑΞΜΕΝΑΞ,
1010 3424 1145 3468 nam
1195 3404 1351 3469 duac
1397 3403 1753 3466 colebantur
1785 3422 1821 3465 a
1851 3402 2170 3467 veteribus,
2218 3402 2320 3466 Sic
2360 3401 2612 3483 legimus
2652 3408 2941 3475 ῠΕΙνΑς

281 3509 738 3579 (ORNtSCAS
794 3505 910 3570 boc
954 3513 1047 3571 est
1096 3508 1332 3571 Deivais
1379 3505 1725 3569 Corniscais
1773 3505 1830 3569 in
1878 3505 2156 3569 columna
2203 3505 2426 3567 Romae
2473 3504 2752 3568 dedicata
2797 3525 2942 3569 cor-

278 3608 552 3673 nicibus.
601 3607 800 3673 Facile
847 3597 987 3673 vero
1035 3617 1109 3681 Ιν
1157 3629 1291 3674 cum
1344 3618 1395 3680 Ν
1448 3607 1640 3693 potuit
1676 3608 1958 3672 conlundi
1993 3614 2239 3694 propter
2270 3606 2614 3671 affinitatem
2648 3607 2945 3673 linearum

278 3712 734 3795 contiguarum.

457 3817 557 3900 Q,
591 3819 692 3894 Q,
727 3825 821 3885 0-.
868 3813 1005 3879 Fuit
1038 3815 1188 3879 baec
1222 3813 1422 3878 littera
1455 3813 1704 3889 Dorum,
1743 3819 1804 3876 et
1834 3811 2314 3878 Chalcidensium
2345 3813 2620 3897 propria:
2665 3810 2848 3877 Attici
2887 3821 2946 3876 et

279 3917 472 3982 lones
514 3916 844 3990 abstinent.
891 3915 958 3981 In
1008 3916 1198 3982 titulis
1242 3915 1594 3982 Latinorum
1640 3935 1714 3979 ea
1750 3934 1906 3999 quae
1949 3913 2139 4001 primo
2188 3915 2318 3980 loco
2364 3916 2606 4000 ponitur
2649 3936 2781 3981 cum
2829 3917 2947 3980 cir-

280 4019 425 4100 culo
478 4019 660 4104 pleno
718 4018 917 4084 lineae
969 4018 1240 4084 verticali
1296 4019 1768 4106 superimposito
1817 4025 1905 4082 ter
1949 4016 2232 4083 occurrit.
2292 4016 2636 4084 Secundam
2697 4018 2948 4083 sormam

280 4130 537 4187 servant
580 4120 816 4208 aliquot
858 4121 1048 4187 stelae
1090 4124 1541 4208 praenestinae,
1587 4122 1901 4207 speculum
1949 4120 2091 4186 item
2139 4122 2621 4206 praenestinum,
2669 4141 2948 4187 nummus

285 4226 575 4312 aquinas
613 4224 822 4289 Tertia
854 4231 951 4289 est
980 4224 1336 4290 communis.
1374 4225 1535 4291 Raro
1567 4244 1723 4310 apex
1759 4223 2108 4309 appingitur
2137 4224 2335 4289 medio
2368 4224 2543 4302 lateri
2574 4225 2818 4290 dextero
2848 4240 2951 4301 0-,

278 4348 431 4394 cum
475 4328 672 4392 soleat
717 4326 962 4412 oblique
1009 4329 1201 4412 aptari
1248 4325 1516 4402 inferiuS,
1564 4335 1624 4392 et
1667 4346 1827 4411 pene
1873 4328 1948 4391 ad
1996 4325 2205 4392 circuli
2249 4326 2439 4392 basim
2486 4336 2579 4402 Ο.
2634 4325 2765 4392 Hoc
2811 4327 2943 4392 ele-

279 4437 489 4495 mento
535 4428 735 4494 Latini
785 4437 1056 4507 utuntur,
1107 4438 1171 4494 ut
1214 4428 1363 4508 dixi,
1410 4429 1588 4494 etiam
1634 4450 1743 4515 pro
1797 4435 1839 4501 t(
1886 4429 2263 4495 Graecorum
2308 4438 2368 4493 et
2411 4437 2454 4502 c
2497 4428 2868 4494 Latinorum.

455 4535 510 4615 R
535 4584 549 4606 ,
600 4535 682 4613 Β,
731 4532 812 4615 Q,
859 4533 919 4616 R
993 4534 1077 4616 R.
1126 4531 1238 4596 His
1288 4531 1554 4618 quinque
1587 4532 1780 4596 modis
1814 4531 2081 4599 variatur
2112 4531 2312 4599 littera
2339 4554 2374 4597 r
2406 4531 2469 4597 in
2503 4529 2946 4618 antiquissimis

278 4637 637 4722 quibusque
684 4635 871 4702 titulis
915 4636 1282 4709 Latinorum.
1341 4633 1561 4701 Omitto
1614 4642 1970 4721 properatas
2023 4645 2083 4701 et
2134 4637 2320 4702 rudes
2373 4637 2592 4701 formas
2653 4631 2838 4700 veluti
2881 4632 2947 4699 in
