3440 5114
529 289 625 346 162

504 412 689 497 igitur
730 420 930 478 rectus
975 433 1153 478 casus
1182 421 1306 492 est;
1337 432 1473 477 cum
1505 433 1647 478 vero
1682 412 1891 478 Vibius
1924 413 2333 497 praenominis
2365 422 2424 479 et
2456 415 2707 479 nominis
2738 413 2930 478 vicem
2960 430 3137 497 prae-

506 524 656 593 stet,
707 536 826 580 non
874 516 1050 581 facile
1093 515 1315 580 dixeris
1359 525 1561 580 utrum
1599 516 1697 580 hic
1736 517 2099 599 gentilicium
2138 517 2216 579 sit
2251 537 2325 581 an
2359 517 2787 603 appellativum
2820 534 3139 602 personae,

505 620 700 701 gentis
744 620 982 683 nomine
1028 620 1283 693 omisso,
1331 626 1395 681 ut
1439 638 1622 703 saepe
1670 620 1731 682 in
1779 621 2049 697 nummis,
2073 620 2455 693 familiarum,
2502 640 2557 683 e.
2591 640 2646 701 g.
2695 618 2767 698 Q.
2815 617 3134 683 Metellus,

506 719 579 798 Q.
613 721 845 806 Pilipus
868 772 881 794 ,
908 721 989 785 Μ.
1017 719 1334 795 Metellus,
1367 720 1432 783 C.
1465 721 1683 794 Varro,
1719 718 1792 798 Q.
1825 720 2153 795 MaximuS,
2189 720 2263 799 Q.
2301 720 2483 799 Molo,
2526 721 2593 785 C.
2628 720 2843 797 Talna,
2877 721 2941 784 P.
2973 720 3136 789 sula,

506 821 573 884 L.
620 820 973 907 PhilippuS,
1023 821 1086 883 Ρ.
1130 821 1332 885 Nerva
1377 829 1488 885 etc.
1542 820 1689 885 Cum
1738 841 1914 893 vero,
1962 823 2010 884 si
2058 841 2421 905 praenomen
2462 824 2774 896 omittitur,
2808 839 3140 904 cognomen

504 925 619 989 hac
662 931 856 989 aetate
901 923 1196 1010 praeponi
1241 922 1551 1007 gentilicio
1599 925 1777 999 solet,
1828 925 1913 988 uti
1960 945 2011 988 e.
2046 945 2103 1006 g.
2154 925 2341 989 Retus
2389 924 2681 1003 Gabini03
2722 933 2920 989 tamen
2956 925 3138 988 raris-

506 1027 657 1091 simo
688 1028 965 1112 exemplo
997 1026 1300 1091 invenitur
1329 1028 1392 1089 in
1426 1026 1686 1091 nummis
1720 1024 2081 1091 familiarum
2117 1029 2415 1097 AVrelius
2455 1034 2697 1105 RvFus,
2727 1036 2790 1092 ut
2822 1027 2918 1091 hic
2949 1031 3139 1099 VtBlS

511 1132 793 1202 ΡΙΙνΙΡνς
830 1128 1021 1194 videri
1054 1130 1243 1216 possit
1275 1127 1395 1191 dici
1423 1147 1532 1212 pro
1559 1128 1787 1212 Pilipus
1816 1128 2011 1193 Vibis.
2038 1129 2320 1195 Ceterum
2347 1149 2716 1213 praenomen
2742 1150 2941 1216 aeque
2966 1130 3141 1199 omit·

509 1232 652 1298 titur
681 1233 740 1295 in
774 1231 947 1299 titulo
980 1230 1363 1317 praenestino
1401 1235 1769 1304 (AMEtrtO
1793 1276 1808 1292 .
1833 1239 1885 1302 Ν
1910 1275 1924 1291 .
1947 1237 2013 1303 te,
2052 1235 2318 1316 itemque
2352 1236 2411 1296 in
2446 1232 2654 1298 falisco
2694 1240 2769 1304 {tt
2791 1237 3130 1305 ηνςΗ-ΙΜ.

512 1426 654 1488 539.
705 1458 768 1465 —-
825 1423 892 1485 ln
938 1439 1085 1503 agro
1129 1420 1519 1504 praenestino
1563 1420 1876 1504 speculum
1923 1421 2257 1491 inventum.

695 1633 988 1701 -ΛΛΕΗΟ
1079 1630 1306 1700 ΡΛΒΙΑ
1398 1630 1645 1698 licum·
1810 1631 1823 1644 '
2009 1646 2126 1690 non
2176 1647 2441 1692 uxorem.
2515 1629 2914 1694 Prometheus
2973 1647 3135 1693 more

1125 1727 1131 1739 '
2009 1732 2395 1813 praenestino
2458 1730 2651 1815 prima
2704 1731 2942 1817 syllaba
2985 1731 3143 1796 mul-

2010 1841 2180 1898 catus
2238 1841 2329 1897 est
2386 1831 2708 1918 dictusque
2763 1840 2857 1898 est
2899 1834 3137 1899 Metius

2008 1935 2189 2000 Fasia
2206 1935 2568 2016 digammate
2583 1934 2916 2013 instruitur,
2932 1957 3142 2020 quam-

2010 2039 2101 2100 vis
2146 2058 2221 2102 ea
2265 2058 2380 2103 vox
2426 2058 2502 2102 ne
2549 2038 2789 2104 affletur
2827 2040 3069 2123 quidem
3103 2060 3138 2103 a

2010 2141 2264 2204 Graecis
2292 2191 2306 2217 ,
2377 2140 2489 2205 nisi
2568 2140 2824 2206 fortasse
2889 2142 3093 2206 Aeolis
3121 2191 3135 2216 ,

2011 2244 2172 2328 quod
2200 2264 2313 2308 non
2340 2252 2593 2309 constat.
2616 2244 2853 2309 Scimus
2880 2245 2938 2309 in
2962 2245 3134 2310 Latio

2011 2346 2301 2430 quosdam
2350 2355 2590 2432 praeter
2632 2367 2856 2412 morem
2898 2347 3135 2413 afflasse

2010 2456 2074 2514 ut
2131 2447 2333 2514 bolum
2392 2470 2502 2535 pro
2561 2449 2657 2515 olo
2711 2449 3035 2523 dicerent,
3076 2458 3134 2516 et

2010 2551 2277 2617 afflatum
2331 2550 2659 2638 aliquando
2702 2560 2998 2620 mutatum
3042 2556 3138 2617 vi-

2011 2656 2222 2719 demus
2279 2658 2339 2719 iu
2397 2656 2739 2738 digamma,
2788 2658 2996 2742 itaque
3049 2659 3134 2721 le-

2010 2758 2207 2838 gimus
2253 2757 2520 2835 Felena,
2565 2759 2810 2822 Fercles
2857 2778 2966 2843 pro
3013 2759 3136 2823 He-

2010 2861 2179 2936 lena,
2216 2861 2460 2937 Hercle,
2496 2861 2737 2925 Fircum
2771 2862 2998 2927 Fedum
3028 2883 3139 2947 pro

2010 2965 2178 3029 hirco
2207 2963 2384 3039 hedo,
2410 2965 2594 3049 idque
2624 2982 2660 3027 a
2692 2964 2955 3042 SabiniS,
2986 2972 3137 3030 teste

2011 3067 2307 3142 Varrone,
2342 3067 2418 3131 de
2447 3066 2583 3131 L.L.
2616 3068 2652 3131 l.
2688 3068 2781 3131 lV.
2818 3069 2991 3131 Acila
3025 3087 3136 3153 pro

2010 3170 2245 3235 Ancilla
2288 3169 2605 3245 scribitur,
2651 3188 2762 3233 nec
2807 3168 2956 3233 satis
2993 3189 3138 3235 con-

2012 3277 2156 3350 stat,
2195 3280 2395 3337 utrum
2433 3271 2671 3336 sublata
2704 3273 2906 3337 littera
2940 3295 3003 3350 n,
3041 3274 3136 3339 vel

2012 3376 2202 3440 altera
2231 3397 2292 3449 c,
2339 3382 2520 3459 atque
2566 3375 2721 3440 adeo
2767 3394 2890 3458 quo
2927 3383 3140 3461 postea

2013 3479 2187 3542 modo
2220 3478 2402 3542 scribi
2431 3475 2611 3543 iussit
2633 3479 2854 3541 Accius
2881 3478 3139 3561 aggulus

2011 3602 2120 3665 pro
2167 3581 2417 3663 angulo,
2466 3581 2554 3643 sic
2603 3587 2834 3646 veteres
2871 3580 3137 3666 scripse-

2014 3684 2132 3749 rint
2177 3683 2353 3750 acula
2397 3703 2507 3768 pro
2553 3684 2794 3763 accula,
2835 3685 2989 3749 acila
3032 3706 3139 3770 pro

2013 3787 2266 3862 accilJa:
2326 3807 2462 3850 nam
2521 3795 2580 3851 et
2622 3789 2826 3852 Aucus
2873 3787 3136 3854 Marcius

2012 3894 2231 3976 legitur
2260 3899 2320 3956 et
2350 3894 2509 3955 Acca
2542 3891 2845 3955 Larentia.
2879 3893 2966 3955 Ad
3001 3912 3137 3977 spe-

2014 3998 2133 4062 culi
2174 3998 2445 4060 dextram
2479 3996 2786 4080 inscriptio
2817 3995 3141 4061 continenti

2014 4122 2188 4165 versu
2224 4101 2426 4164 addita
2461 4107 2573 4175 est,
2608 4097 2850 4163 nomina
2879 4100 3140 4164 reserens

529 1887 533 1891 .
594 1832 985 1898 Prometheus
1008 1852 1253 1898 uxorem
1275 1833 1478 1897 Asiam
1498 1852 1631 1916 gre-

511 1935 630 2000 mio
674 1935 836 2001 fovet
880 1935 1159 2000 adstante
1196 1935 1435 2011 ancilla,
1480 1953 1636 2018 quae

512 2039 825 2124 speculum
873 2046 1052 2104 tenet.

597 2140 806 2208 Asiam
853 2140 1195 2207 Promethei
1240 2161 1487 2206 uxorem
1538 2160 1640 2204 vo-

524 2251 622 2309 cat
650 2242 1018 2320 HerodotuS,
1050 2245 1126 2308 de
1157 2263 1228 2309 ea
1268 2242 1433 2308 orbis
1468 2249 1639 2326 parte
1714 2233 1729 2247 ⁶

513 2349 749 2415 locutus
788 2367 968 2433 quam
1003 2348 1204 2412 Asiam
1236 2346 1638 2432 appellamus:

517 2449 589 2514 Ἡ
625 2449 688 2512 δέ
720 2449 886 2513 Ἀσίη
918 2450 1017 2512 ἐπὶ·
1039 2451 1137 2523 τῆς
1167 2446 1506 2532 Προμηθέος
1529 2471 1638 2533 γυ-

519 2553 712 2625 ναικὸς
747 2551 845 2616 τὴν
878 2552 1218 2630 ἐπωνυμίαν.
1267 2551 1639 2618 Herodotum

518 2664 766 2723 secutus
809 2664 901 2722 est
953 2658 1166 2722 artifex
1222 2657 1641 2742 praenestinus

516 2760 622 2847 qui
662 2760 1082 2826 Prometheum
1115 2759 1552 2845 amplexantem
1586 2768 1644 2824 et

517 2865 653 2932 sinu
698 2865 992 2930 foventem
1034 2865 1242 2929 Asiam
1291 2866 1428 2929 fecit
1476 2884 1635 2929 cam-

519 2988 638 3055 que
700 2967 1009 3032 intectam.
1078 2968 1284 3031 Serius
1340 2967 1639 3051 Apollonii

517 3068 885 3136 Scholiastes
906 3071 983 3134 ad
1000 3090 1055 3134 v.
1078 3073 1216 3145 ut,
1234 3069 1643 3155 Lycophronis

516 3180 577 3237 et
619 3172 968 3258 Apollodori
1017 3172 1374 3237 auctoritate
1414 3178 1640 3244 motus,

518 3276 620 3360 qui
659 3275 870 3340 Asiam.
898 3273 1238 3339 Promethei
1273 3281 1520 3338 matrem
1553 3274 1640 3338 di-

519 3384 785 3451 xerunt,
831 3378 1092 3443 suadere
1137 3377 1412 3453 videtur,
1477 3384 1542 3440 ut
1586 3379 1642 3441 in

515 3479 829 3546 Herodoto
875 3502 983 3566 pro
1027 3482 1295 3564 γυναικός
1341 3481 1643 3545 scribatur

515 3582 746 3666 μητρός.
794 3582 975 3663 Quod
1021 3586 1080 3648 in
1128 3583 1437 3669 aliquibus
1476 3584 1639 3648 cudi·-

516 3687 688 3753 cibus
733 3688 950 3752 lactum
997 3685 1315 3754 dicendum
1363 3695 1492 3764 est,
1537 3697 1643 3753 aut

518 3790 807 3855 memoria
859 3789 1065 3873 lapsus
1111 3798 1205 3853 est
1245 3789 1600 3856 Eustathius
1626 3843 1640 3868 ,

516 3893 617 3978 qui
676 3895 734 3956 in
793 3893 949 3957 notis
996 3892 1071 3957 ad
1119 3894 1354 3976 Perieg.
1403 3914 1454 3958 v.
1501 3899 1643 3972 270,

517 3999 662 4071 620,
695 3995 1068 4061 Herodotum
1107 3996 1270 4069 citat,
1308 3998 1482 4082 quasi
1522 4017 1644 4063 ma-

517 4106 664 4163 trem
720 4097 922 4163 Asiam
983 4099 1321 4164 Promethei
1381 4098 1640 4176 dixerit,

1791 3874 1857 4129 (ΕΙΒΙΛ
1813 3827 1828 3841 ·
1788 3404 1854 3795 vovcwm
1813 3360 1828 3374 ·
1791 3106 1856 3327 ΡΛΤΛ
1810 3059 1828 3075 ·
1789 2874 1855 3027 RH
1811 2828 1825 2840 ·
1788 2544 1853 2792 lVNlO
1810 2495 1825 2510 ·
1786 2218 1852 2466 ΞΕΤΙΟ
1809 2173 1823 2187 ·
1785 1917 1850 2142 ΛΤΟΞ
1808 1869 1823 1884 ·
1786 1678 1851 1832 RH

517 4308 786 4373 mulieris
835 4315 895 4372 et
940 4309 1086 4372 viri:
1137 4308 1193 4372 in
1242 4308 1510 4374 mulieris
1554 4330 1697 4374 vero
1744 4312 1984 4396 peculio
2031 4309 2217 4375 luisse
2255 4326 2509 4390 eamque
2546 4305 2992 4369 inscribendam
3023 4303 3148 4368 ius-

487 4411 704 4488 sisse,
754 4414 902 4476 satis
947 4410 1161 4496 probat
1205 4431 1417 4476 nomen
1465 4412 1724 4478 feminae
1769 4415 1962 4498 primo
2008 4413 2140 4475 loco
2186 4412 2464 4496 positum.
2521 4409 2656 4472 Fuit
2700 4408 2951 4473 fortasse
2996 4408 3146 4473 haec

517 4515 752 4596 Caesia,
795 4512 1060 4579 Lucilia
1089 4514 1238 4579 lunii
1301 4514 1453 4580 Setii
1498 4535 1666 4581 uxor.
1737 4515 1912 4595 Quae
1944 4534 2102 4579 ‘vero
2147 4513 2207 4577 in
2255 4513 2405 4578 urbe
2452 4532 2558 4597 per
2601 4533 2637 4574 a
2683 4520 2740 4576 et
2783 4535 2812 4573 e
2856 4510 3143 4576 scribitur

520 4615 766 4695 Caesia,
814 4636 920 4694 ea,
970 4626 1032 4682 ut
1077 4620 1135 4682 iu
1181 4618 1466 4698 Faliscis,
1503 4618 1762 4696 Cesula,
1794 4619 1993 4702 Geso,
2043 4619 2103 4680 in
2155 4616 2562 4681 Praenestinis
2609 4615 2809 4679 addito
2854 4616 2878 4675 i
2921 4613 3153 4704 Ceisia
