3440 5114
530 259 624 318 154

501 383 631 447 ravi
678 390 860 467 atque
905 381 998 446 his
1046 380 1242 465 palam
1288 379 1743 464 inscriptionem
1782 381 1840 443 in
1877 378 2115 465 postica
2152 380 2515 445 delineatam
2563 380 2817 444 ostendi.
2860 378 3137 443 Formam

467 506 790 573 *gypseam
835 485 1145 569 expressi,
1192 484 1388 568 ipsum
1433 503 1581 548 vero
1625 491 2081 549 monumentum
2128 483 2286 548 edidi
2334 483 2393 547 in
2441 484 2599 548 Diss.
2639 481 2905 547 archeol.
2946 483 3061 552 vol.
3092 482 3137 546 1.

590 589 866 652 Ceterum
915 586 1250 660 MarchiuS,
1297 586 1392 649 cui
1439 583 1809 669 epigraphen
1856 584 2021 649 illam
2054 605 2090 649 a
2122 605 2214 650 me
2244 584 2543 649 detectam
2577 585 2849 661 ostendi,
2879 581 3138 669 primum

505 691 904 775 repugnavit,
961 695 1082 753 tum
1142 688 1433 773 quasdam
1495 688 1726 752 litteras
1778 689 2174 771 recognovit,
2220 690 2576 753 memoravit
2619 690 2798 753 etiam
2846 689 2904 752 in
2950 687 3135 749 cistae

506 794 902 857 enarratione.
947 789 1311 856 Bitschelius
1359 811 1392 855 a
1438 811 1530 854 me
1579 789 1805 855 editam
1854 792 1912 853 in
1957 790 2160 876 Opere
2208 790 2482 877 inscript.
2514 791 2859 875 pompeian.
2888 788 3140 874 graphio

507 904 689 961 notat.
736 895 1010 979 excepit,
1056 895 1453 977 laudavitque
1490 895 1548 956 in
1584 893 1797 957 Enarr.
1832 894 1981 958 titul.
2016 917 2073 979 p.
2108 899 2165 958 92.
2209 895 2436 959 Tamen
2483 896 2912 958 Mommsenius
2958 890 3141 955 edixit

506 1019 601 1063 me
646 986 813 1063 aliud
859 997 1010 1062 nihil
1058 998 1360 1084 reperisse
1404 999 1462 1061 in
1513 997 1666 1082 pede
1714 999 1901 1061 cistae
1942 997 2115 1062 «nisi
2150 992 2406 1082 sp‘atium
2438 1008 2700 1063 vacuum·
2726 997 2999 1079 rubigine
3029 994 3137 1059 ob-

507 1104 753 1168 ductum
801 1102 978 1186 facile
1026 1104 1205 1184 nugis
1253 1099 1472 1166 talibus
1517 1098 1888 1187 implendnm
1940 1125 1994 1164 ».
2056 1100 2219 1165 Haec
2266 1100 2382 1166 ille.
2430 1101 2572 1183 Legi
2621 1120 2730 1183 ego
2775 1098 3144 1185 Maquoulna

506 1204 637 1271 sive
682 1205 1013 1291 Maquolna
1056 1224 1167 1290 pro
1213 1204 1547 1280 Macolnia‚
1594 1205 1843 1289 dixique
1890 1206 1949 1268 in
1995 1206 2093 1268 cit.
2129 1225 2223 1289 op.
2259 1211 2318 1269 et
2348 1203 2407 1268 in
2442 1203 2602 1268 Diss.
2634 1201 2897 1269 archeol.
2928 1224 2985 1286 p.
3025 1204 3140 1264 itt

508 1329 721 1374 nomen
769 1308 885 1373 hoc
931 1308 1007 1372 ab
1054 1308 1284 1373 artifice
1332 1307 1631 1389 signatum
1681 1305 1828 1370 inibi
1876 1327 2050 1385 esse,
2111 1309 2434 1372 memoriae
2481 1326 2683 1372 causa.
2751 1305 2919 1371 Haec
2965 1325 3001 1368 a
3044 1324 3139 1368 me

506 1414 728 1478 dudum
786 1414 1015 1497 scripta
1074 1413 1310 1493 ignorat
1369 1410 1570 1475 adhuc
1629 1410 1958 1475 Enarrator
2000 1411 2249 1495 Ephem.
2295 1411 2484 1495 epigr.
2529 1410 2759 1485 berot,
2807 1410 2910 1494 qui
2955 1431 3010 1494 p.
3062 1413 3137 1471 ⁴2

503 1516 846 1581 Schoenum
893 1512 1039 1579 tacit
1081 1514 1261 1579 huius
1305 1512 1745 1579 observationis
1790 1522 2117 1579 auctorem.

510 1684 648 1785 522.
693 1753 771 1765 -
814 1719 881 1784 ln
925 1719 1151 1784 lamina
1193 1719 1382 1784 cistae
1429 1716 1863 1783 Kircherianae
1910 1720 2243 1784 sustinente
2287 1714 2490 1803 sigilla
2531 1736 2712 1784 aerea
2758 1718 2892 1782 tria.

1005 1950 1019 1966 ·
1063 1915 1294 1987 tunso
1346 1949 1365 1967 ·
1419 1920 1670 1991 ivam
1718 1949 1734 1965 ·
1788 1921 2239 1990 wmoevn
2283 1877 2309 1966 ἒ
2361 1918 2642 1989 vicmo

1007 2052 2637 2125 movim-rvmriosmeo-nommrecto
2720 2046 2723 2053 ’

591 2240 811 2305 Narrat
853 2236 1012 2305 cista
1058 2237 1133 2301 de
1180 2257 1245 2301 se
1294 2234 1552 2301 Novium
1597 2235 1902 2301 Plautium
1951 2234 2235 2301 artificem
2284 2238 2509 2302 Romae
2554 2238 2771 2302 fecisse
2798 2284 2814 2315 ,
2859 2234 3141 2300 Dindiam

506 2342 867 2408 Macolniam
913 2342 1241 2407 Praeneste
1288 2340 1449 2404 tiliae
1496 2339 1757 2404 dedisse.
1805 2339 1953 2404 Cum
1981 2339 2292 2425 inscriptio
2324 2348 2569 2405 exarata
2599 2342 2679 2404 sit
2708 2339 2767 2404 in
2799 2339 2984 2404 cistae
3017 2358 3140 2402 ma·
3186 2396 3191 2400 .

511 2446 762 2522 nubrio,
808 2445 971 2531 quod
1017 2452 1255 2509 constat
1298 2441 1515 2526 sigillis
1563 2441 1755 2507 tribus
1801 2444 2058 2507 laminae
2103 2444 2364 2529 scriptae
2397 2442 2837 2519 insistentibuS,
2870 2450 2929 2506 et
2957 2442 3147 2528 pedes

511 2560 570 2616 et
617 2549 995 2615 manubrium
1045 2547 1407 2613 Praenestae
1452 2547 1690 2631 corpori
1740 2546 1924 2611 cistae
1970 2546 2175 2612 addita
2218 2549 2363 2628 sint,
2399 2546 2780 2613 manifestum
2819 2553 2930 2625 est,
2968 2545 3143 2611 Plau-

512 2657 659 2719 tium
707 2649 1043 2718 admirandi
1093 2650 1296 2736 operis
1343 2649 1581 2734 corpori
1627 2647 1821 2715 cistae
1868 2650 2151 2735 insculpti
2198 2658 2503 2716 auctorem
2549 2647 2751 2716 fuisse.
2801 2649 2957 2716 Olim
3002 2649 3148 2713 ede-

510 2756 695 2821 batur
734 2760 1001 2828 Putem:
1040 2754 1148 2819 ubi
1182 2773 1326 2818 vero
1365 2751 1636 2817 constitit
1672 2751 1909 2816 sublata
1942 2752 2256 2836 aerugine,
2289 2773 2446 2837 quae
2480 2752 2794 2830 obruebat,
2824 2753 3145 2835 legendum

513 2860 688 2924 tertio
733 2879 883 2924 casu
935 2861 1187 2931 PllrEAl
1216 2908 1230 2931 ,
1278 2855 1473 2940 patuit
1516 2855 1689 2919 simul
1723 2875 1758 2918 a
1789 2853 2015 2919 Dindia
2047 2856 2349 2921 Macolnia
2383 2876 2598 2921 nomen
2630 2857 2790 2920 filiae
2823 2855 3144 2934 omissum;

511 2961 844 3028 verosimili
890 2981 922 3026 e
969 2959 1237 3034 rati'one,
1286 2960 1447 3045 quod
1491 2959 1625 3045 ipsa
1672 2958 1887 3024 Plautii
1934 2978 2086 3022 uxor
2129 2966 2289 3036 erat,
2337 2967 2396 3022 et
2440 2959 2558 3024 tilia
2604 2959 2838 3026 Plautia
2875 2961 3142 3024 nomina-

511 3066 705 3154 batur.
775 3065 1147 3129 Plautiorum
1206 3081 1357 3146 gens
1419 3060 1752 3126 Praeneste
1797 3062 1911 3126 hac
1958 3068 2157 3127 aetate
2205 3082 2273 3126 ex
2324 3062 2511 3126 titulis
2557 3064 2964 3148 praenestinis
3008 3070 3150 3127 nota

513 3179 634 3234 est:
683 3188 889 3233 verum
938 3167 1367 3232 Mommsenius
1414 3163 1669 3229 Novium
1717 3171 1889 3250 putat
1932 3164 2209 3229 libertum
2248 3166 2511 3231 familiae
2549 3186 2830 3231 romanae
2868 3165 3145 3251 plebeiae

514 3272 919 3338 Plautiorum:
967 3277 1030 3334 at
1073 3288 1439 3354 praenomen
1486 3267 1719 3334 Novius
1763 3287 2074 3333 romanum
2116 3289 2232 3333 non
2272 3277 2392 3343 est,
2433 3289 2543 3354 nec
2580 3272 2635 3334 in
2675 3290 2748 3334 ea
2783 3269 3147 3334 Plautiorum

515 3383 695 3457 gente
737 3372 978 3459 plebeia
1021 3373 1342 3457 quisquam
1390 3371 1551 3457 quod
1598 3372 1854 3447 scimuS,
1901 3391 1974 3435 eo
2018 3372 2405 3455 praenomine
2451 3392 2595 3436 usus
2641 3379 2751 3436 est.
2816 3372 2992 3437 Fecid
3037 3391 3145 3456 pro

511 3477 680 3543 Fecit
722 3476 1010 3558 singulari
1057 3474 1336 3558 exemplo
1383 3475 1693 3559 scriptum.

515 3688 656 3746 523.
707 3681 1043 3766 (2⁴500).
1111 3715 1188 3728 -
1254 3679 1478 3744 Arcula
1540 3700 1610 3742 ex
1674 3698 1819 3761 agro
1866 3681 2257 3763 praenestino
2303 3667 2550 3747 Romam
2598 3681 2817 3747 allata:
2883 3684 3144 3747 nuncin

808 3802 1018 3849 museo
1065 3781 1371 3847 Vaticano.

1265 3993 1274 4002 '
1344 4021 1675 4089 asncvss
1724 4013 2052 4093 cissent
2106 4022 2309 4088 ινΝο

2575 4108 2813 4180 moe

562 4279 812 4354 muco}
862 4279 1128 4348 Actvss

2407 3893 2476 4384 mmmmm!

1173 4116 1251 4554 'Atnontv

2570 4452 2771 4518 Amr
2823 4454 3136 4522 VENTVS
3193 4449 3213 4470 ⁹

569 4604 903 4689 Diespiter
945 4601 1144 4665 adstat
1188 4599 1420 4663 medius
1468 4599 1756 4662 Iunonem
1804 4599 1957 4661 inter
1987 4604 2045 4661 et
2072 4595 2425 4663 Herculem:
2476 4597 2807 4665 Mercurius
2851 4600 3147 4668 bilancem
