3440 5114
2858 301 2957 358 ‘263

329 413 466 478 trito
511 434 714 479 versu:
763 415 1108 500 Spectatum
1148 416 1294 481 satis
1341 425 1400 481 et
1445 417 1736 482 donatum
1781 419 1902 483 iam
1951 421 2119 484 rude.
2168 422 2241 484 At
2284 421 2508 503 probas
2539 420 2676 487 illas
2709 431 2976 488 tesseras

334 518 462 581 sine
526 519 684 582 iusta
742 538 930 583 causa
989 518 1258 584 damnari
1317 518 1504 584 evicit
1547 541 1740 604 nuper
1784 520 2146 586 Huebnerus
2196 524 2435 607 (Revue
2484 524 2761 589 Archcol.
2810 523 2984 590 Paris

337 623 535 691 ⁴867,
573 641 631 704 p.
685 624 822 696 421,
873 641 944 684 ex
991 622 1223 705 ophem.
1271 622 1468 685 Borol.
1520 623 2044 706 Monatsbcricht),
2092 623 2255 689 edita
2303 634 2536 691 tessera
2581 627 2696 690 sihi
2744 627 2875 692 visa
2920 627 2980 692 in

334 722 540 785 Museo
592 722 951 799 Britannice,
998 726 1056 786 in
1105 745 1227 808 qua
1280 731 1707 797 ΒΡΕΕΤΑἫΤ
1765 725 2006 808 legitur,
2047 726 2279 812 integre
2315 729 2629 813 scriptum,
2663 729 2839 795 cuius
2869 731 2986 794 sin·

334 823 569 889 ceritati
615 825 871 890 offuciae
920 826 1119 891 nullae
1166 827 1395 892 adstrui
1444 837 1712 913 possunt.
1751 829 1886 907 Quo
1921 828 2113 912 magis
2145 829 2487 897 mirandum
2524 839 2686 896 esset
2718 833 2984 918 aliquem

335 927 533 991 adhuc
594 928 653 991 in
714 947 786 992 ea
848 927 1130 1013 opinione
1196 930 1466 1001 versari.
1527 939 1706 1014 atque
1769 929 2320 1015 interpretationem
2375 942 2759 1007 SPECTatus
2807 933 2985 1000 unice

337 1048 534 1093 veram
574 1050 868 1105 asserere,
920 1039 982 1093 ut
1027 1032 1166 1095 olim
1217 1033 1404 1115 (Bull.
1452 1034 1641 1096 Instit.
1698 1037 1879 1113 ⁴871,
1927 1056 1981 1118 p.
2022 1039 2182 1119 151),
2221 1058 2285 1100 re
2321 1039 2583 1102 nondum
2618 1039 2762 1102 satis
2796 1045 2983 1102 certa.

421 1132 707 1218 Menopili
754 1141 987 1198 tessera
1034 1142 1240 1198 narrat
1285 1155 1406 1219 quo
1456 1121 1722 1219 tempore
1769 1139 2023 1220 primum
2073 1139 2154 1202 illi
2203 1139 2369 1204 locus
2417 1141 2593 1204 datus
2643 1142 2799 1204 inter
2845 1162 2984 1226 spe-

336 1241 614 1313 ctatoreS,
664 1237 827 1321 quod
876 1237 1005 1320 lege
1051 1257 1171 1301 non
1209 1238 1431 1302 licebat
1459 1237 1669 1314 servis,
1703 1241 1806 1323 qui
1839 1239 2257 1321 gladiatoriam
2292 1242 2674 1308 exercebant.
2723 1242 2983 1307 Additus

344 1337 587 1402 tesseris
632 1339 851 1403 deinde
899 1346 991 1402 est
1034 1348 1093 1403 et
1138 1341 1361 1404 mensis
1408 1348 1467 1404 et
1513 1342 1664 1405 (lies,

341 1529 480 1591 934.
529 1527 802 1612 (2578).
848 1570 924 1581 —
966 1527 1033 1592 In
1080 1527 1478 1593 Samothrace
1525 1528 1727 1594 insula
1777 1530 1879 1612 (ex
1926 1531 2184 1596 coniect.
2234 1531 2479 1618 Henz.).

304 1684 346 1749 θ’
380 1686 2627 1772 ([ΑνῦΙΟ-ΛΛῬΕΚΓΕΝΝΑ·<05·ΛΛΕΝ3Ε·ΩΝΙΙΝ(·ΛΛν5ΤΕΙΙΙΕΙ
2681 1707 2737 1753 a.
2761 1708 2818 1752 n.
2846 1693 2985 1754 662.

308 1790 2050 1859 L·t.vv<ctitvs·stn·t=·t.fio·t³·t.tv1vs·svx·t.·PVL

349 1893 1765 1962 Μ·ΙΛΝΕΕΕΝΕἈΛ·Ι.·ΑΙίΤΕΛΛΙΟΟΙὶΧ15

341 1997 433 2074 Q·
456 1996 971 2064 HORTENSWS
996 1998 1716 2065 ·M·L·ARct-151„AOS

425 2145 725 2231 Kyriacus
773 2146 1117 2232 descripsit.
1164 2146 1422 2211 Nomina
1467 2150 1780 2213 consulum
1831 2149 1969 2213 anni
2019 2156 2136 2213 624
2186 2153 2442 2216 redeunt
2477 2152 2553 2215 ad
2591 2173 2814 2218 annum
2849 2159 2987 2218 662.

342 2247 565 2326 Tenen,
610 2248 1074 2334 orthographiae
1121 2269 1333 2330 causa,
1381 2250 1572 2334 magis
1619 2253 1695 2315 ad
1741 2272 1793 2316 a.
1829 2258 1948 2316 662
1987 2254 2308 2337 pertinere.
2337 2255 2531 2320 Muste
2564 2263 2706 2320 sunt
2735 2257 2988 2342 Mystae‚

346 2351 448 2435 qui
495 2353 554 2416 in
602 2351 715 2417 hac
760 2361 927 2418 secta
974 2360 1109 2439 ρΙΕΙ
1161 2355 1559 2441 appellantur.

1328 2602 1556 2646 Glande·
1591 2600 1720 2647 belli
1751 2600 1997 2648 marsici.

433 2783 577 2851 Post
599 2787 855 2869 glandes
886 2788 1222 2863 Ennense3‚
1255 2788 1329 2852 de
1359 2786 1583 2872 quihus
1616 2808 1801 2872 supra
1832 2789 2055 2853 dictum
2088 2809 2145 2874 p.
2177 2793 2324 2867 227,
2356 2808 2513 2874 quae
2546 2789 2775 2876 primae
2814 2811 2991 2877 repe-

348 2891 583 2954 riuntur
624 2892 687 2955 in
729 2893 976 2972 regione
1023 2892 1246 2957 Picena
1290 2898 1351 2957 et
1392 2894 1647 2976 Aprutia
1692 2893 1769 2956 ad
1818 2893 2038 2957 bellum
2085 2893 2309 2957 sociale
2341 2900 2629 2978 putantur
2658 2893 2985 2979 pertinere,

349 2994 509 3077 quod
538 3001 770 3077 gestum
802 3003 894 3058 est
924 2994 1248 3079 praecipue
1281 3014 1334 3058 a.
1367 3016 1424 3058 u.
1455 2998 1595 3072 664,
1636 3000 1778 3069 665,
1809 2995 2028 3079 quibus
2055 2996 2368 3060 obsessum
2396 2996 2682 3082 oppidum
2707 2997 2993 3062 Asculum

347 3093 406 3158 in
458 3095 673 3161 Piceno
720 3104 1103 3181 captumque.
1150 3097 1317 3162 Haec
1362 3099 1565 3182 opinio
1613 3108 1745 3161 orta
1790 3106 1883 3162 est
1928 3096 2145 3183 partim
2191 3118 2264 3162 ex
2330 3100 2478 3163 locis
2543 3101 2646 3164 ubi
2692 3100 2996 3166 dicuntur

347 3199 599 3283 glandes
642 3207 957 3285 repertae,
1005 3200 1224 3286 partim
1271 3222 1344 3266 ex
1390 3201 1917 3285 inscriptionibuS,
1966 3220 2118 3286 quas
2183 3203 2352 3287 ipsae
2414 3203 2853 3287 praeseferunt.
2917 3203 2997 3267 At

350 3301 730 3388 experientia
774 3303 1091 3368 didicimus
1138 3306 1429 3389 quasdam
1478 3326 1551 3368 ex
1594 3303 1689 3367 his
1724 3304 1867 3367 alibi
1902 3306 2084 3368 etiam
2116 3306 2389 3369 inventas
2422 3307 2748 3389 aliquando
2782 3303 2993 3372 fuisse.

351 3405 693 3471 Florentiae
739 3398 997 3491 quatuor
1041 3428 1116 3473 ex
1163 3408 1275 3488 iis,
1319 3427 1475 3492 quae
1521 3408 1874 3491 inscriptum
1939 3410 2168 3483 serunt,
2244 3415 2547 3485 ROMA,
2618 3430 2811 3495 nuper
2872 3407 2995 3472 vidi

349 3509 507 3594 apud
555 3511 989 3592 negotiatorem
1037 3511 1461 3596 antiquarium,
1499 3512 1598 3594 qui
1645 3519 1923 3594 repertas
1968 3510 2027 3573 in
2075 3531 2220 3595 agro
2267 3514 2609 3576 cortonensi
2658 3513 2993 3588 affirmavit,

351 3632 540 3697 seque
585 3633 622 3678 a
666 3613 1006 3678 Passerinio
1054 3614 1404 3678 cortonensi
1452 3615 1785 3699 accepisse.
1831 3614 2239 3692 Quamobrem
2287 3637 2402 3679 non
2437 3615 2524 3680 sic
2557 3625 2779 3680 temere
2815 3615 2996 3680 fidem
3062 3690 3074 3697 .

353 3716 764 3799 derogandam
811 3716 1125 3781 Ficoronio
1171 3725 1314 3801 puto
1342 3767 1355 3790 ,
1402 3717 1564 3802 quod
1611 3718 1892 3800 glandem
1939 3716 2291 3801 inscriptam
2346 3725 2466 3790 FtR
2514 3718 2631 3783 sibi
2690 3725 2992 3803 repertam

353 3818 415 3882 in
461 3839 603 3902 agro
649 3819 1081 3909 Lavicanorum
1130 3820 1636 3898 Quintanensium
1684 3820 1956 3884 affirmet.
2006 3820 2231 3885 Contra
2276 3824 2334 3885 in
2381 3821 2633 3907 Aprutio
2680 3821 2802 3886 imo
2848 3822 2996 3886 etin

353 3974 486 4058 ripa
530 3973 781 4039 Truenti
828 3982 1108 4040 narratur
1151 3975 1397 4039 inventa
1443 3975 1612 4057 glans
1658 3977 1948 4060 inscripta
2010 3930 2249 4096 Ύέτκ,
2315 3996 2496 4061 quam
2564 3975 2998 4041 Mommsenius

354 4148 413 4192 n.
461 4132 581 4191 686
628 4127 705 4190 ad
773 4128 1094 4192 Caesarem
1159 4128 1381 4205 refert,
1447 4131 1609 4214 quod
1674 4130 1724 4192 is
1789 4131 1846 4193 in
1908 4129 2065 4194 bello
2129 4129 2502 4215 Philippensi
2565 4129 2744 4195 Marti
2809 4132 2995 4196 Ultori

354 4229 568 4294 aedem
616 4231 887 4306 voverit,
935 4251 1134 4317 neque
1183 4231 1314 4296 eius
1362 4234 1621 4296 numinis
1669 4240 1848 4296 antea
1894 4234 2115 4296 mentio
2162 4231 2285 4295 fiat.
2351 4234 2676 4299 Praeterea
2728 4233 2996 4299 indidem

349 4333 530 4397 allata
573 4339 667 4398 est
710 4333 817 4399 illa
873 4336 1047 4417 glans
1101 4355 1258 4421 quae
1317 4343 1662 4400 asservatur
1717 4334 1779 4398 in
1840 4335 2049 4400 Museo
2112 4334 2510 4401 Kircheriano
2572 4337 2896 4422 editurque
2964 4358 3000 4403 a

1641 4444 1844 4509 1200<

1687 4549 1793 4612 VV
1869 4542 1881 4565 ⁹

355 4641 509 4707 sima
550 4640 729 4728 Ulpia
772 4641 1015 4720 Victrix,
1062 4663 1256 4729 eaque
1301 4644 1376 4708 de
1423 4662 1611 4709 causa
1654 4644 1732 4708 ad
1779 4642 2017 4708 Traiani
2067 4651 2320 4711 aetatem
2351 4644 2584 4711 referri.
2621 4646 2709 4710 Ad
2740 4652 3000 4711 aetatem

353 4487 749 4554 Mommsenio
812 4509 870 4552 n.
938 4493 1057 4552 664
1126 4486 1217 4554 sic
1281 4489 1573 4574 inscripta
1946 4498 2006 4552 et
2050 4488 2340 4575 explicari
2388 4491 2542 4556 solet
2595 4490 2752 4575 legio
2808 4488 2996 4556 trice-
