3440 5114
2888 293 2949 350 19

330 414 574 480 Denarii
620 415 697 494 Q.
744 417 934 481 Marci
980 417 1183 501 Pilipi‚
1233 415 1299 481 C.
1349 424 1409 480 et
1450 414 1529 479 Μ.
1577 414 1994 493 Metellorum,
2043 414 2306 481 Cornelii
2356 414 2644 493 Sisenae,
2679 417 2756 481 M.
2789 416 2977 492 Tulli,

331 516 398 580 C.
442 518 694 582 Memmi.
740 520 955 583 Addidi
992 519 1083 583 his
1115 520 1373 605 lapidem
1420 520 1727 604 pullanum
1761 518 2014 603 Popilii,
2053 525 2111 583 et
2147 518 2424 583 milliaria
2460 521 2624 596 eiuS,
2659 525 2784 583 tum
2832 519 2980 583 Cor-

334 622 471 684 nelii
518 621 768 706 Hispani
817 622 1049 687 titulum
1097 624 1201 708 qui
1251 623 1359 686 fuit
1406 630 1646 706 praetor
1692 644 1743 687 a.
1783 643 1836 685 u.
1879 642 1929 685 c.
1964 626 2105 701 645,
2150 621 2491 686 milliarium
2539 620 2745 698 Cinae,
2785 623 2976 705 legem

334 725 822 807 repetundarum.
862 734 919 788 et
952 727 1284 799 bantinam,
1322 733 1380 787 et
1419 726 1751 806 fragmenta
1797 724 1991 807 legum
2041 727 2251 789 aetatis
2287 723 2713 802 Gracchanae,
2748 726 2982 790 titulum

334 826 555 903 Fanni,
612 826 961 892 milliarium
1012 828 1279 905 Metelli,
1339 830 1709 913 epigraphen
1760 829 1997 912 Apolini
2054 831 2222 912 putio
2282 847 2558 904 sacram,
2620 829 2979 893 sententiam

333 929 747 995 Minuciorum.
806 933 872 995 ln
932 931 1023 994 his
1085 932 1453 1016 duplicatum
1517 933 1753 995 invenio
1812 932 2176 1015 quadragies
2238 937 2366 1009 ter,
2428 949 2545 994 non
2607 929 2980 1015 duplicatum

331 1032 695 1117 quadragies
750 1055 882 1111 sex,
928 1035 1089 1099 unde
1149 1037 1349 1099 elucet
1403 1055 1577 1099 usum
1623 1041 1691 1097 ut
1737 1034 1894 1110 dixi,
1951 1041 2008 1096 et
2071 1033 2564 1098 consuetudinem
2625 1055 2742 1099 non
2801 1036 2986 1117 gemi-

335 1136 509 1199 nandi
558 1138 827 1201 eamdem
877 1146 934 1200 et
980 1136 1323 1220 geminandi
1388 1137 1609 1213 fuisse,
1659 1144 1902 1222 totoque
1947 1137 2062 1202 hoc
2112 1143 2379 1220 tempore
2426 1124 2581 1201 hanc
2628 1135 2979 1203 Latinorum

332 1237 820 1324 orthographiam
856 1240 1196 1304 fluctuasse.
1244 1239 1440 1304 Nolim
1474 1239 1664 1303 videri
1701 1260 2014 1304 numerum
2066 1247 2290 1304 tantum
2324 1260 2456 1304 esse
2487 1247 2753 1320 secutus;
2787 1249 2986 1325 potest

333 1340 490 1405 enim
537 1341 762 1427 aliquis
809 1350 1018 1428 putare
1065 1354 1468 1408 consonantes
1514 1342 1808 1407 maturius
1856 1342 2027 1417 alias,
2076 1343 2222 1407 alias
2254 1341 2448 1407 serius
2480 1342 2756 1433 coepisse
2788 1344 2988 1429 dupli-

334 1443 481 1508 cari.
529 1445 772 1529 Sepono
818 1444 1008 1530 igitur
1053 1446 1417 1533 sibilantem,
1453 1454 1511 1509 et
1546 1452 1743 1541 mutas
1775 1467 1810 1510 a
1842 1444 2304 1510 semivocalibus
2337 1465 2572 1531 separe.
2603 1445 2700 1510 Fit
2729 1467 2980 1512 summa.

340 1602 375 1651 S
407 1598 720 1667 duplicatur
756 1601 866 1666 XV,
1254 1603 1429 1652 Mutae
1463 1621 1514 1663 c,
1551 1602 1604 1663 cl,
1632 1618 1696 1669 p,
1735 1611 1752 1650 t
1788 1598 2064 1668 duplicari·
2221 1599 2571 1652 semivocales
2605 1599 2645 1667 s,
2679 1603 2712 1662 1,
2748 1619 2820 1663 m,
2857 1620 2914 1661 n,
2953 1619 2980 1651 r

375 1703 478 1737 non
517 1685 821 1754 duplicatur
857 1688 1018 1737 xvu.
1291 1692 1377 1737 tur
1414 1688 1481 1747 X,
1652 1740 1655 1743 Α
2254 1685 2590 1754 duplicantur
2623 1687 2796 1751 xllx,

1290 1788 1394 1822 non
1433 1771 1779 1840 duplicantur
1813 1773 1987 1825 xun.
2255 1788 2358 1822 non
2397 1771 2739 1841 duplicantur
2772 1773 2935 1822 xvlt.

336 1960 572 2027 Clarius
618 1960 806 2045 igitur
851 1962 977 2026 sole
1022 1960 1138 2025 isto
1184 1981 1362 2046 quem
1410 1958 1710 2025 cernimus
1757 1969 2030 2046 apparet,
2079 1963 2190 2025 hac
2220 1969 2413 2027 aetate
2448 1982 2628 2047 quam
2661 1963 2986 2027 secundam

334 2075 471 2151 post
531 2064 792 2129 Ennium
849 2064 1049 2150 posuit
1094 2062 1462 2128 Ritschelius
1511 2065 1633 2128 fere
1680 2063 2020 2149 promiscue
2084 2064 2271 2130 fuisse
2331 2065 2700 2150 duplicatum
2757 2071 2818 2129 et
2870 2086 2986 2130 non

334 2167 726 2253 duplicatum.
761 2167 1058 2259 siquidem
1090 2173 1607 2232 monumentorum
1642 2166 1992 2251 suffragium
2027 2167 2228 2233 valere
2262 2168 2551 2245 volumus,
2583 2175 2650 2231 ut
2679 2167 2987 2234 debemus

420 2269 834 2336 Bitscheliana
900 2278 1064 2336 aetas
1108 2258 1309 2355 *quam
1380 2269 1616 2334 tertiam
1685 2271 1951 2357 appellat
2018 2269 2264 2353 triginta
2318 2291 2505 2335 annos
2572 2269 2994 2356 complectitur

334 2374 411 2439 ab
459 2395 511 2438 a.
563 2378 684 2438 640
733 2375 805 2437 ad
857 2377 996 2438 670.
1066 2373 1133 2437 ln
1183 2393 1257 2437 ea
1303 2380 1648 2437 constanter
1694 2372 1781 2437 ait
1827 2394 1958 2438 esse
2008 2373 2408 2458 geminatum,
2455 2372 2670 2459 paucis
2717 2372 2990 2459 exceptis

337 2475 618 2564 reliquiis
666 2475 846 2541 moris
891 2475 1238 2541 vetustioris
1293 2475 1377 2559 (in
1429 2475 1518 2539 tit.
1568 2498 1810 2541 mumm.
1858 2478 1951 2561 c.).
2000 2478 2131 2540 Hoc
2179 2476 2283 2541 ille
2331 2476 2574 2564 quidem
2622 2486 2782 2543 certe
2828 2484 2990 2541 recte

337 2581 662 2668 posuisset,
695 2580 745 2646 si
777 2582 943 2664 leges
975 2579 1332 2666 excepisset.
1366 2579 1605 2646 Nummi
1640 2580 1799 2644 enim
1824 2580 2135 2665 duplicant
2160 2602 2396 2667 semper
2417 2589 2663 2666 praeter
2692 2587 2990 2653 MEMtES

335 2684 441 2770 qui
487 2705 672 2749 cusus
721 2682 977 2749 traditur
1027 2682 1186 2749 inter
1229 2684 1339 2748 hos
1399 2704 1585 2749 annos
1632 2687 1953 2748 667-673.
2001 2686 2074 2749 Αῑ
2129 2687 2293 2769 leges
2352 2693 2614 2749 veterem
2673 2690 2995 2749 consuetu-

336 2787 540 2853 dinem
589 2807 704 2852 non
753 2786 1098 2870 geminandi
1146 2786 1341 2872 magis
1401 2794 1662 2851 servant.
1724 2787 1845 2851 Lex
1901 2786 2057 2851 enim
2119 2787 2360 2870 agraria
2423 2786 2563 2852 anni
2625 2792 2744 2851 643
2804 2785 2995 2852 vicies

335 2890 640 2976 duplicat:
686 2890 972 2955 undecies
1018 2910 1135 2953 non
1183 2889 1469 2975 duplicat,
1520 2898 1641 2955 tum
1688 2889 1785 2954 lex
1830 2890 2086 2955 bautina
2130 2898 2341 2976 quater
2386 2889 2684 2975 duplicat,
2730 2888 2826 2954 bis
2874 2911 2993 2955 non

334 2993 645 3081 duplicat;
692 2993 833 3058 item
883 2995 978 3058 lex
1026 2995 1497 3078 repetundarum
1544 2992 1733 3058 vicies
1778 2993 1964 3059 semel
2013 2994 2299 3079 duplicat,
2340 2991 2697 3078 quindecies
2730 3014 2847 3057 non
2887 2994 2997 3059 du-

335 3095 542 3183 plicat.
588 3097 800 3182 Itaque
846 3095 1081 3161 ratione
1126 3096 1424 3160 subducta
1469 3096 1653 3181 duplo
1704 3096 1827 3160 fere
1872 3096 2065 3161 maior
2112 3097 2177 3160 fit
2222 3095 2648 3179 geminantium
2689 3117 2993 3161 numerus.

336 3200 534 3284 Leges
578 3199 768 3283 igitur
809 3200 989 3264 huius
1036 3198 1247 3264 tertiae.
1307 3197 1519 3264 aetatis
1580 3219 1874 3263 canonem
1934 3198 2248 3264 Bitschelii
2307 3199 2511 3284 pravis
2571 3199 2778 3264 fultum
2838 3200 2992 3265 male

336 3302 477 3368 talis
523 3302 709 3367 fuisse
755 3303 1080 3368 declarant.
1132 3301 1346 3366 Verum
1394 3301 1676 3367 advertas
1722 3300 1899 3366 velim
1947 3301 2039 3365 his
2086 3323 2242 3387 quae
2299 3303 2502 3368 monui
2563 3322 2695 3366 cum
2753 3322 2993 3385 agerem

335 3407 414 3470 de
461 3407 521 3470 S.
565 3407 631 3471 C.
677 3404 1233 3478 Bacchanaliorum,
1280 3405 1341 3470 in
1389 3405 1623 3488 legibus
1658 3404 2052 3471 vetustiorem
2089 3427 2315 3471 morem
2355 3405 2580 3470 diutius
2622 3426 2754 3469 esse
2788 3411 2992 3470 reten-

337 3516 484 3579 tum.
531 3530 639 3573 seu
684 3508 886 3594 potius
931 3510 1086 3573 lente
1134 3508 1543 3588 obsolevisse3
1592 3530 1789 3595 neque
1835 3508 1897 3573 id
1945 3531 2077 3574 esse
2125 3509 2359 3585 mirum,
2407 3529 2541 3573 cum
2588 3507 2898 3573 videamus
2931 3508 2992 3571 in

334 3615 476 3696 lege
520 3612 674 3677 Iulia
720 3611 1066 3698 municipali
1123 3619 1161 3684 Ε
1211 3633 1318 3697 pro
1374 3621 1384 3683 Ι
1439 3611 1786 3679 iamdudum
1835 3612 2209 3699 antiquatum
2268 3611 2577 3677 revixisse.
2631 3611 2799 3676 llaec
2860 3632 2991 3676 cum

334 3715 706 3781 Bitschelius
752 3737 869 3782 non
918 3715 1436 3794 animadverterit,
1482 3717 1612 3782 iure
1658 3716 1899 3804 dicetur
1945 3717 2214 3782 fallacem
2262 3735 2548 3781 canonem
2587 3713 2994 3800 proposuisse.

1524 3957 1691 4030 GAP.
1750 3956 1835 4031 ΙΙ.

1076 4154 1146 4197 ne
1181 4150 1459 4198 vocalibus
1495 4154 1547 4197 et
1582 4151 2013 4197 consonantibus
2049 4151 2258 4195 amatis.

430 4335 675 4399 Constat
718 4334 951 4419 priscos
997 4333 1242 4399 Latinos
1292 4355 1482 4420 usque
1529 4336 1602 4399 ad
1651 4336 1964 4398 saeculum
2014 4334 2097 4398 rei
2143 4354 2200 4418 p.
2237 4332 2555 4418 septimum
2600 4338 2996 4397 consonantes

338 4458 646 4523 nunquam
694 4437 1027 4522 aspirasse:
1076 4435 1445 4521 aspiratione
1490 4438 1818 4502 utebantur
1853 4444 1918 4502 ut
1950 4437 2234 4523 deinceps
2269 4437 2388 4500 fere
2429 4455 2667 4519 semper
2705 4433 2764 4499 in
2807 4454 2994 4500 voca-

337 4540 502 4607 libus
547 4540 674 4606 sive
721 4539 899 4605 initio
953 4561 1166 4605 vocum
1222 4538 1349 4604 sive
1408 4540 1629 4606 medio.
1690 4541 1886 4605 Fuere
1940 4539 2120 4605 etiam
2173 4538 2277 4625 qui
2335 4540 2495 4602 aedos
2550 4540 2806 4620 ircosque
2865 4536 2995 4601 sine

337 4643 546 4711 afflatu
589 4643 893 4720 dicerent,
941 4663 1095 4729 quos
1142 4642 1561 4722 Quintilianus
1614 4643 1854 4728 (Instit.
1902 4644 1947 4720 l,
1996 4649 2052 4721 5,
2100 4644 2219 4728 20)
2272 4641 2357 4708 ait
2402 4649 2719 4728 propterea
2764 4639 2996 4726 parcis-
