3440 5114
439 243 542 299 218

417 366 576 430 viros
622 366 976 431 sacerdotes
1021 385 1190 438 esse,
1238 365 1342 428 sed
1392 370 1694 428 matronas
1734 365 2044 429 constituit
2074 371 2358 428 revocata
2391 363 2830 428 consuetudine
2860 364 3069 428 veteri.

418 471 566 531 Nam
620 469 819 533 Livius
866 468 902 530 l.
952 470 1047 532 cit.
1095 488 1148 530 e.
1201 472 1311 530 13:
1361 468 1587 552 primo,
1635 468 1752 542 ait,
1801 469 2137 530 sacrarium
2186 468 2240 529 id
2292 467 2648 531 feminarum
2696 467 2918 546 fuisse,
2956 487 3070 530 nec

420 589 784 655 quemquam
847 571 1037 633 virum
1083 590 1154 632 eo
1201 569 1433 632 admitti
1462 569 1733 650 'solitum
1784 619 1966 632 .....
2014 571 2368 633 sacerdotes
2413 570 2474 632 in
2522 571 2714 633 vicem
2766 576 3074 634 matronas

420 675 613 737 creari
662 675 889 737 solitas.
934 675 1083 737 Item
1134 673 1398 737 Senatus
1436 674 1631 736 vetuit
1665 674 1987 754 magistros
2018 693 2185 764 esse?
2220 675 2350 736 sive
2384 674 2574 762 viros,
2609 676 2734 736 sive
2766 675 3072 749 muliereS,

421 783 527 839 aut
570 795 947 840 communem
994 777 1313 861 pecuniam
1360 774 1621 850 habere,
1668 775 1796 838 Liv.
1845 775 1880 837 l.
1920 775 2021 839 cit.
2053 797 2103 839 c.
2143 780 2217 839 18
2253 775 2360 857 (cl'.
2396 795 2503 838 aes
2534 796 2590 838 v.
2629 781 2724 850 ll,
2762 775 2894 858 ⁴2).
2942 775 3073 839 Hoc

421 880 555 944 loco
603 878 810 942 Livius
855 878 1229 959 distinguere
1276 876 1570 959 neglexit,
1618 897 1776 961 quae
1823 878 1898 941 de
1945 878 2279 961 magistris,
2319 880 2448 941 sive
2485 877 2666 952 viris,
2701 880 2829 942 sive
2862 877 3076 942 mulie-

422 980 619 1054 ribuS‚
667 999 947 1064 quaeque
994 980 1069 1041 dc
1117 980 1537 1043 sacerdotibus
1586 980 1731 1043 viris
1777 980 2036 1044 edictum
2086 971 2424 1063 distinguit.
2474 982 2618 1044 Post
2651 982 2854 1065 capita
2881 982 3078 1044 relata

423 1082 682 1147 Senatus
728 1084 983 1146 consulti
1034 1080 1329 1146 Consules
1374 1088 1635 1166 pergunt
1678 1083 1945 1147 indicere
1993 1084 2451 1166 magistratibus
2498 1084 2768 1157 urbium,
2815 1082 2943 1147 sive
2978 1084 3075 1147 lo-

424 1181 669 1260 corumg
715 1193 994 1270 oportere
1039 1204 1144 1248 eos
1191 1185 1453 1249 edictum
1491 1186 1549 1247 in
1589 1193 1891 1250 conventu
1922 1186 2152 1250 referre
2184 1188 2338 1250 intra
2368 1189 2630 1271 spatium
2664 1186 3075 1252 nundinarum

427 1288 602 1351 trium
633 1337 647 1358 ,
708 1308 1058 1372 poenasque
1104 1295 1442 1351 memorant
1485 1308 1523 1352 a
1568 1288 1796 1352 Senatu
1843 1296 2102 1353 statutas
2147 1289 2471 1354 adversum
2521 1311 2666 1364 eoS,
2713 1291 2816 1375 qui
2864 1299 3078 1354 contra

423 1393 787 1455 sententiam
847 1392 1108 1455 Senatus
1157 1393 1484 1462 fecissent.
1531 1391 1864 1477 iubentque
1911 1394 2167 1457 incisum
2218 1393 2422 1456 tabula
2467 1392 2664 1457 ahena
2709 1396 2961 1479 proponi
3009 1393 3078 1456 fi-

425 1494 645 1578 gique,
708 1494 811 1557 ubi
874 1494 1158 1559 facillime
1219 1495 1425 1576 gnosci
1489 1497 1724 1579 possit,
1787 1495 2155 1580 facereque,
2205 1497 2286 1559 uti
2337 1497 2509 1561 iussa
2555 1497 2818 1560 Senatus
2864 1497 3077 1561 tierent

426 1599 581 1660 intra
627 1598 757 1661 dies
804 1597 1050 1672 decem,
1099 1617 1172 1661 ex
1219 1617 1339 1682 quo
1387 1595 1459 1660 iis
1506 1597 1764 1662 tabellae
1811 1598 1988 1661 datae
2037 1605 2260 1662 essent.

427 1823 567 1881 880.
618 1821 827 1900 (230,
873 1817 1194 1891 xxxv11‚
1243 1819 1332 1899 n).
1380 1779 1476 1866 -Ι
1506 1819 1736 1882 Romae
1784 1820 1844 1883 iu
1892 1819 2174 1905 sepulcro
2222 1821 2577 1905 Scipionum
2619 1840 2764 1885 arca
2803 1843 2833 1886 e
2873 1822 3078 1907 lapide

721 1921 941 1985 albano
989 1919 1218 1984 ordinis
1266 1921 1477 1984 dorici.
1524 1922 1696 1986 Nunc
1741 1923 1800 1985 in
1846 1922 2057 1986 Museo
2105 1923 2415 1988 Vaticano.

276 2097 385 2154 (liu.
404 2098 597 2152 malon).

132 2173 3342 2273 llesrssxllll‘llllslfss—slssslllll!

132 2274 153 2359 Ι
238 2277 259 2357 Ι
337 2281 362 2357 Ι
441 2280 462 2357 Ι
541 2283 562 2360 Ι
642 2285 661 2362 Ι
743 2285 763 2362 Ι
844 2276 864 2355 Ι
945 2283 964 2361 Ι
1046 2277 1067 2363 Ι
1147 2286 3389 2364 CORNELlvs·Lv<1vs·S<lrio-BARBMVS-Gsvsstlvon-PATRE

140 2383 3388 2470 rROGNATVS·FORTtS·vlasarffilstve-Qvolvs·l=0RMA·leTv†El·rARlvaA

138 2487 3176 2573 Fvlss-CONSOL·<ENSOR·A1Du„¹S·Qvel·t=vl†·arvo·vos-TAVRA51A·<15AVNA

134 2591 1919 2668 SAMMOsee!T·szlGlT·0MNE·L0v<ANAsv
1975 2599 2476 2680 Ol'SlDESQVE
2528 2601 2947 2668 ABDOVCl'l'

521 2825 847 2910 Descripsi.
893 2827 1150 2892 Carmen
1197 2827 1475 2891 versibus
1519 2823 1811 2889 saturniis
1857 2831 2213 2909 conceptum
2260 2824 2678 2909 addit-umque,
2710 2826 2877 2890 brevi
2912 2829 3082 2893 titulo

436 2930 622 2992 veteri
670 2928 945 3005 sublato,
991 2929 1375 2993 Mommsenii
1424 2930 1628 3012 opinio
1676 2936 1785 2992 est.
1857 2927 2078 2992 Contra
2129 2936 2274 3013 puto
2319 2930 2562 3013 scalpro
2610 2928 2870 2994 deletum
2917 2933 3086 2998 initio

433 3032 721 3095 carminis
779 3034 942 3116 quod
1003 3052 1115 3096 non
1177 3032 1448 3117 placuit3
1510 3051 1707 3115 neque
1768 3033 1924 3094 enim
1988 3029 2312 3095 verisimile
2371 3039 2462 3093 est
2520 3032 2887 3116 sculptorem
2948 3037 3086 3099 novi

433 3132 717 3199 carminis
778 3155 897 3199 non
958 3136 1157 3200 statim
1220 3141 1405 3197 totam
1468 3136 1645 3198 arcae
1695 3132 1911 3196 faciem
1974 3134 2158 3196 fuisse
2204 3142 2717 3219 peraequaturum
2767 3143 2825 3199 et
2872 3157 3088 3224 perpo-

429 3238 672 3302 liturum
722 3244 785 3302 ut
829 3239 1106 3322 pingeret
1163 3237 1406 3301 rubrica
1463 3236 1626 3319 quod
1675 3255 1810 3299 mox
1857 3237 2099 3320 scalpro
2147 3237 2486 3320 perliceret.
2558 3238 2747 3300 Deleti
2797 3241 3086 3304 carminis

438 3341 689 3404 verbum
742 3347 915 3416 EST,
965 3341 1124 3425 quod
1173 3360 1351 3403 nemo
1398 3338 1695 3402 hactenus
1745 3337 1923 3414 vidit,
1970 3338 2171 3403 adhuc
2230 3346 2469 3413 manet,
2524 3340 2684 3403 linea
2742 3348 3089 3409 transversa

435 3442 673 3507 litterae
719 3451 774 3514 Τ
820 3443 1064 3507 rubrica
1101 3443 1281 3526 picta,
1315 3449 1375 3504 et
1407 3440 1684 3527 vestigiis
1711 3448 2047 3505 ceterarum
2086 3442 2263 3505 fidem
2299 3441 2682 3505 facientibus.
2717 3442 2832 3506 Hic
2863 3444 3088 3511 Lucius

436 3545 755 3609 Cornelius
787 3544 994 3628 Scipio
1027 3565 1185 3610 anno
1220 3549 1336 3608 456
1370 3564 1488 3627 quo
1536 3545 1749 3608 consul
1800 3544 1912 3609 fuit
1954 3542 2312 3609 Taurasiam
2359 3542 2685 3609 Cisaunam
2732 3545 2795 3608 in
2843 3547 3090 3613 Samnio

439 3650 639 3733 cepit,
695 3646 976 3711 Lucanos
1022 3647 1307 3729 subegit,
1355 3644 1676 3710 obsidibus
1722 3646 2025 3711 abductis.
2072 3645 2428 3724 Quaesitum
2477 3655 2569 3711 est
2613 3648 2879 3712 Cisauna
2920 3651 3088 3715 aliud

436 3773 512 3816 ne
559 3758 724 3814 esset
768 3752 1056 3835 oppidum
1105 3770 1177 3813 ae
1226 3750 1567 3825 Taurasia,
1627 3770 1703 3814 an
1754 3751 1966 3813 eadem
2017 3749 2160 3813 urbs
2206 3747 2433 3833 duplici
2481 3752 2841 3833 cognomine
2886 3760 3085 3817 esset:

440 3875 574 3919 nam
621 3854 887 3918 Cisauna
933 3873 969 3917 a
1012 3852 1322 3918 veteribus
1368 3873 1485 3917 non
1536 3856 1903 3924 nominatur,
1948 3853 2049 3938 qui
2097 3853 2452 3916 Taurasiam
2490 3855 2700 3917 urbem
2736 3855 3091 3920 describunt

436 3958 696 4041 amplam
744 3965 803 4021 et
848 3955 980 4039 agri
1019 3955 1264 4021 divitem
1298 3958 1453 4020 adeo
1488 3964 1550 4020 ut
1580 3958 1639 4019 in
1680 3954 1816 4020 eius
1857 3954 2165 4019 territorio
2201 3955 2458 4039 Ligures
2490 3958 2728 4041 Apuani
2760 3959 2834 4020 ad
2867 3957 3085 4022 XLVII

437 4061 702 4141 capitum
747 4059 938 4124 millia
981 4080 1019 4124 a
1065 4059 1350 4124 Cornelio
1388 4058 1744 4143 Baebioque
1775 4058 2132 4123 consulibus
2164 4057 2621 4123 collocatisint.
2660 4059 3088 4135 Samniololim

436 4164 649 4229 urbem
696 4182 832 4228 csse
878 4162 1128 4248 quidam
1176 4171 1465 4247 putarunt
1522 4162 1900 4247 quibuscum
1947 4161 2319 4227 Bitscbelius
2366 4162 2948 4246 Mommseniusque.
3013 4165 3090 4227 At

436 4274 669 4333 certum
715 4275 808 4331 est
852 4287 988 4331 esse
1034 4267 1365 4348 regionem,
1412 4273 1493 4338 et,
1541 4268 1623 4329 uti
1673 4286 1804 4330 mos
1851 4265 2027 4329 istius
2073 4264 2361 4350 temporis
2407 4273 2527 4341 est,
2575 4263 2843 4329 ablativo
2889 4265 3087 4330 efferri

437 4370 898 4458 praepositione
942 4371 1003 4431 in·
1047 4375 1268 4433 amota.
1313 4368 1382 4431 ln
1428 4376 1688 4433 mentem
1735 4388 1959 4433 revoca
2012 4367 2275 4453 Aetolia,
2332 4367 2678 4433 Ambracia.
2742 4367 2860 4431 Pro
2919 4365 3086 4431 Lou-

437 4494 650 4539 canam
698 4474 995 4536 edebatur
1036 4472 1358 4542 Loucana‚
1407 4472 1765 4547 Loucanaa,
1811 4471 2129 4535 emendavi
2184 4472 2413 4537 dudum
2473 4491 2605 4553 ego.
2676 4472 2884 4554 (Mem.
2929 4471 3088 4535 della

435 4580 577 4641 Ace.
624 4577 821 4642 Ercol.
872 4576 1009 4650 Vll,
1056 4578 1206 4663 App.
1240 4596 1299 4661 p.
1335 4577 1466 4658 32).
